% This file was created with JabRef 2.10b2.
% Encoding: ISO8859_1

% This file was created with JabRef 2.10.
% Encoding: Cp1253


@inproceedings{DBLP:conf/gd/AlamBG0P18,
  author    = {Jawaherul Md. Alam and
               Michael A. Bekos and
               Martin Gronemann and
               Michael Kaufmann and
               Sergey Pupyrev},
  editor    = {Therese C. Biedl and
               Andreas Kerren},
  title     = {Queue Layouts of Planar 3-Trees},
  booktitle = {{Graph Drawing and Network Visualization}},
  series    = {LNCS},
  volume    = {11282},
  pages     = {213--226},
  publisher = {Springer},
  year      = {2018},
  OPTurl       = {https://doi.org/10.1007/978-3-030-04414-5\_15},
  doi       = {10.1007/978-3-030-04414-5\_15},
  timestamp = {Tue, 18 Dec 2018 13:44:45 +0100},
  biburl    = {https://dblp.org/rec/bib/conf/gd/AlamBG0P18},
  bibsource = {dblp computer science bibliography, https://dblp.org}
}

@inproceedings{DBLP:conf/gd/Bekos0Z15,
  author    = {Michael A. Bekos and
               Michael Kaufmann and
               Christian Zielke},
  editor    = {Emilio {Di Giacomo} and
               Anna Lubiw},
  title     = {The Book Embedding Problem from a {SAT}-Solving Perspective},
  booktitle = {{Graph Drawing and Network Visualization}},
  series    = {LNCS},
  volume    = {9411},
  pages     = {125--138},
  publisher = {Springer},
  year      = {2015},
  OPTurl       = {https://doi.org/10.1007/978-3-319-27261-0\_11},
  doi       = {10.1007/978-3-319-27261-0\_11},
  timestamp = {Sat, 16 Sep 2017 12:09:15 +0200},
  biburl    = {https://dblp.org/rec/bib/conf/gd/Bekos0Z15},
  bibsource = {dblp computer science bibliography, https://dblp.org}
}

@article{DBLP:journals/algorithmica/BekosGR16,
  author    = {Michael A. Bekos and
               Martin Gronemann and
               Chrysanthi N. Raftopoulou},
  title     = {Two-Page Book Embeddings of 4-Planar Graphs},
  journal   = {Algorithmica},
  volume    = {75},
  number    = {1},
  pages     = {158--185},
  year      = {2016},
  OPTurl       = {https://doi.org/10.1007/s00453-015-0016-8},
  doi       = {10.1007/s00453-015-0016-8},
  timestamp = {Fri, 15 Sep 2017 17:21:36 +0200},
  biburl    = {https://dblp.org/rec/bib/journals/algorithmica/BekosGR16},
  bibsource = {dblp computer science bibliography, https://dblp.org}
}

@article{DBLP:journals/algorithmica/BekosBKR17,
  author    = {Michael A. Bekos and
               Till Bruckdorfer and
               Michael Kaufmann and
               Chrysanthi N. Raftopoulou},
  title     = {The Book Thickness of 1-Planar Graphs is Constant},
  journal   = {Algorithmica},
  volume    = {79},
  number    = {2},
  pages     = {444--465},
  year      = {2017},
  OPTurl       = {https://doi.org/10.1007/s00453-016-0203-2},
  doi       = {10.1007/s00453-016-0203-2},
  timestamp = {Fri, 15 Sep 2017 17:21:36 +0200},
  biburl    = {https://dblp.org/rec/bib/journals/algorithmica/BekosBKR17},
  bibsource = {dblp computer science bibliography, https://dblp.org}
}

@inproceedings{DBLP:conf/wg/AlamBG0P18,
  author    = {Jawaherul Md. Alam and
               Michael A. Bekos and
               Martin Gronemann and
               Michael Kaufmann and
               Sergey Pupyrev},
  editor    = {Andreas Brandst{\"{a}}dt and
               Ekkehard K{\"{o}}hler and
               Klaus Meer},
  title     = {On Dispersable Book Embeddings},
  booktitle = {{WG}},
  series    = {LNCS},
  volume    = {11159},
  pages     = {1--14},
  publisher = {Springer},
  year      = {2018},
  OPTurl       = {https://doi.org/10.1007/978-3-030-00256-5\_1},
  doi       = {10.1007/978-3-030-00256-5\_1},
  timestamp = {Mon, 03 Sep 2018 16:26:41 +0200},
  biburl    = {https://dblp.org/rec/bib/conf/wg/AlamBG0P18},
  bibsource = {dblp computer science bibliography, https://dblp.org}
}

@inproceedings{DBLP:conf/stoc/BFGMMRU19,
  author    = {Michael A. Bekos and
               Henry F\"orster and
               Martin Gronemann and
               Tamara Mchedlidze and
               Fabrizio Montecchiani and
               Chrysanthi Raftopoulou and
               Torsten Ueckerdt},
  editor    = {Edith Cohen},
  title     = {Planar Graphs of Bounded Degree have Bounded Queue Number},
  booktitle = {{ACM} Symposium on Theory of Computing},
  publisher = {{ACM}},
  year      = {2019},
  OPTurl       = {https://arxiv.org/abs/1811.00816},
  note      = {To appear}
}

@inproceedings{DBLP:conf/gd/Bekos0R16,
  author    = {Michael A. Bekos and
               Michael Kaufmann and
               Chrysanthi N. Raftopoulou},
  editor    = {Yifan Hu and
               Martin N{\"{o}}llenburg},
  title     = {On the Density of Non-simple 3-Planar Graphs},
  booktitle = {{Graph Drawing and Network Visualization}},
  series    = {LNCS},
  volume    = {9801},
  pages     = {344--356},
  publisher = {Springer},
  year      = {2016},
  OPTurl       = {https://doi.org/10.1007/978-3-319-50106-2\_27},
  doi       = {10.1007/978-3-319-50106-2\_27},
  timestamp = {Sat, 16 Sep 2017 12:09:15 +0200},
  biburl    = {https://dblp.org/rec/bib/conf/gd/Bekos0R16},
  bibsource = {dblp computer science bibliography, https://dblp.org}
}

@inproceedings{DBLP:conf/compgeom/Bekos0R17,
  author    = {Michael A. Bekos and
               Michael Kaufmann and
               Chrysanthi N. Raftopoulou},
  editor    = {Boris Aronov and
               Matthew J. Katz},
  title     = {On Optimal 2- and 3-Planar Graphs},
  booktitle = {{SoCG}},
  series    = {LIPIcs},
  volume    = {77},
  pages     = {16:1--16:16},
  publisher = {Schloss Dagstuhl},
  year      = {2017},
  OPTurl       = {https://doi.org/10.4230/LIPIcs.SoCG.2017.16},
  doi       = {10.4230/LIPIcs.SoCG.2017.16},
  timestamp = {Thu, 23 Aug 2018 15:56:19 +0200},
  biburl    = {https://dblp.org/rec/bib/conf/compgeom/Bekos0R17},
  bibsource = {dblp computer science bibliography, https://dblp.org}
}

@inproceedings{DBLP:conf/isaac/AngeliniB0PU18,
  author    = {Patrizio Angelini and
               Michael A. Bekos and
               Michael Kaufmann and
               Maximilian Pfister and
               Torsten Ueckerdt},
  editor    = {Wen{-}Lian Hsu and
               Der{-}Tsai Lee and
               Chung{-}Shou Liao},
  title     = {Beyond-Planarity: Tur{\'{a}}n-Type Results for Non-Planar Bipartite
               Graphs},
  booktitle = {{ISAAC}},
  series    = {LIPIcs},
  volume    = {123},
  pages     = {28:1--28:13},
  publisher = {Schloss Dagstuhl},
  year      = {2018},
  OPTurl       = {https://doi.org/10.4230/LIPIcs.ISAAC.2018.28},
  doi       = {10.4230/LIPIcs.ISAAC.2018.28},
  timestamp = {Mon, 10 Dec 2018 13:28:19 +0100},
  biburl    = {https://dblp.org/rec/bib/conf/isaac/AngeliniB0PU18},
  bibsource = {dblp computer science bibliography, https://dblp.org}
}

@article{DBLP:journals/algorithmica/BekosCGHK17,
  author    = {Michael A. Bekos and
               Sabine Cornelsen and
               Luca Grilli and
               Seok{-}Hee Hong and
               Michael Kaufmann},
  title     = {On the Recognition of Fan-Planar and Maximal Outer-Fan-Planar Graphs},
  journal   = {Algorithmica},
  volume    = {79},
  number    = {2},
  pages     = {401--427},
  year      = {2017},
  OPTurl       = {https://doi.org/10.1007/s00453-016-0200-5},
  doi       = {10.1007/s00453-016-0200-5},
  timestamp = {Thu, 26 Apr 2018 00:01:27 +0200},
  biburl    = {https://dblp.org/rec/bib/journals/algorithmica/BekosCGHK17},
  bibsource = {dblp computer science bibliography, https://dblp.org}
}

@article{DBLP:journals/tcs/BekosDLMM17,
  author    = {Michael A. Bekos and
               Walter Didimo and
               Giuseppe Liotta and
               Saeed Mehrabi and
               Fabrizio Montecchiani},
  title     = {On {RAC} drawings of 1-planar graphs},
  journal   = {Theor. Comput. Sci.},
  volume    = {689},
  pages     = {48--57},
  year      = {2017},
  OPTurl       = {https://doi.org/10.1016/j.tcs.2017.05.039},
  doi       = {10.1016/j.tcs.2017.05.039},
  timestamp = {Sat, 16 Sep 2017 12:03:36 +0200},
  biburl    = {https://dblp.org/rec/bib/journals/tcs/BekosDLMM17},
  bibsource = {dblp computer science bibliography, https://dblp.org}
}

@inproceedings{DBLP:conf/gd/AngeliniB0M17,
  author    = {Patrizio Angelini and
               Michael A. Bekos and
               Michael Kaufmann and
               Fabrizio Montecchiani},
  editor    = {Fabrizio Frati and
               Kwan{-}Liu Ma},
  title     = {{3D} Visibility Representations of 1-planar Graphs},
  booktitle = {{Graph Drawing and Network Visualization}},
  series    = {LNCS},
  volume    = {10692},
  pages     = {102--109},
  publisher = {Springer},
  year      = {2017},
  OPTurl       = {https://doi.org/10.1007/978-3-319-73915-1\_9},
  doi       = {10.1007/978-3-319-73915-1\_9},
  timestamp = {Wed, 21 Feb 2018 12:53:44 +0100},
  biburl    = {https://dblp.org/rec/bib/conf/gd/AngeliniB0M17},
  bibsource = {dblp computer science bibliography, https://dblp.org}
}

@article{DBLP:journals/tcs/AngeliniBKKS18,
  author    = {Patrizio Angelini and
               Michael A. Bekos and
               Michael Kaufmann and
               Philipp Kindermann and
               Thomas Schneck},
  title     = {1-Fan-bundle-planar drawings of graphs},
  journal   = {Theor. Comput. Sci.},
  volume    = {723},
  pages     = {23--50},
  year      = {2018},
  OPTurl       = {https://doi.org/10.1016/j.tcs.2018.03.005},
  doi       = {10.1016/j.tcs.2018.03.005},
  timestamp = {Fri, 30 Nov 2018 13:25:22 +0100},
  biburl    = {https://dblp.org/rec/bib/journals/tcs/AngeliniBKKS18},
  bibsource = {dblp computer science bibliography, https://dblp.org}
}

@inproceedings{DBLP:conf/gd/AngeliniBF018,
  author    = {Patrizio Angelini and
               Michael A. Bekos and
               Henry F{\"{o}}rster and
               Michael Kaufmann},
  editor    = {Therese C. Biedl and
               Andreas Kerren},
  title     = {On {RAC} Drawings of Graphs with One Bend per Edge},
  booktitle = {{Graph Drawing and Network Visualization}},
  series    = {LNCS},
  volume    = {11282},
  pages     = {123--136},
  publisher = {Springer},
  year      = {2018},
  OPTurl       = {https://doi.org/10.1007/978-3-030-04414-5\_9},
  doi       = {10.1007/978-3-030-04414-5\_9},
  timestamp = {Tue, 18 Dec 2018 13:44:45 +0100},
  biburl    = {https://dblp.org/rec/bib/conf/gd/AngeliniBF018},
  bibsource = {dblp computer science bibliography, https://dblp.org}
}

@article{DBLP:journals/jgaa/ArgyriouBS12,
  author    = {Evmorfia N. Argyriou and
               Michael A. Bekos and
               Antonios Symvonis},
  title     = {The Straight-Line {RAC} Drawing Problem is {NP}-Hard},
  journal   = {J. Graph Algorithms Appl.},
  volume    = {16},
  number    = {2},
  pages     = {569--597},
  year      = {2012},
  OPTurl       = {https://doi.org/10.7155/jgaa.00274},
  doi       = {10.7155/jgaa.00274},
  timestamp = {Sat, 16 Sep 2017 12:05:27 +0200},
  biburl    = {https://dblp.org/rec/bib/journals/jgaa/ArgyriouBS12},
  bibsource = {dblp computer science bibliography, https://dblp.org}
}

@article{DBLP:journals/jgaa/BekosKM18,
  author    = {Michael A. Bekos and
               Michael Kaufmann and
               Fabrizio Montecchiani},
  title     = {Guest Editors' Foreword and Overview},
  journal   = {J. Graph Algorithms Appl.},
  volume    = {22},
  number    = {1},
  pages     = {1--10},
  year      = {2018},
  OPTurl       = {https://doi.org/10.7155/jgaa.00459},
  doi       = {10.7155/jgaa.00459},
  timestamp = {Wed, 28 Mar 2018 12:00:17 +0200},
  biburl    = {https://dblp.org/rec/bib/journals/jgaa/BekosKM18},
  bibsource = {dblp computer science bibliography, https://dblp.org}
}

@inproceedings{DBLP:conf/wg/AngeliniBBLBDLM17,
  author    = {Patrizio Angelini and
               Michael A. Bekos and
               Franz J. Brandenburg and
               Giordano {Da Lozzo} and
               Giuseppe {Di Battista} and
               Walter Didimo and
               Giuseppe Liotta and
               Fabrizio Montecchiani and
               Ignaz Rutter},
  editor    = {Hans L. Bodlaender and
               Gerhard J. Woeginger},
  title     = {On the Relationship Between k-Planar and k-Quasi-Planar Graphs},
  booktitle = {{WG}},
  series    = {LNCS},
  volume    = {10520},
  pages     = {59--74},
  publisher = {Springer},
  year      = {2017},
  OPTurl       = {https://doi.org/10.1007/978-3-319-68705-6\_5},
  doi       = {10.1007/978-3-319-68705-6\_5},
  timestamp = {Fri, 02 Nov 2018 09:46:45 +0100},
  biburl    = {https://dblp.org/rec/bib/conf/wg/AngeliniBBLBDLM17},
  bibsource = {dblp computer science bibliography, https://dblp.org}
}

@article{DBLP:journals/algorithmica/BekosFK19,
  author    = {Michael A. Bekos and
               Henry F{\"{o}}rster and
               Michael Kaufmann},
  title     = {On Smooth Orthogonal and Octilinear Drawings: Relations, Complexity
               and Kandinsky Drawings},
  journal   = {Algorithmica},
  volume    = {81},
  number    = {5},
  pages     = {2046--2071},
  year      = {2019},
  OPTurl       = {https://doi.org/10.1007/s00453-018-0523-5},
  doi       = {10.1007/s00453-018-0523-5},
  timestamp = {Wed, 17 Apr 2019 16:17:00 +0200},
  biburl    = {https://dblp.org/rec/bib/journals/algorithmica/BekosFK19},
  bibsource = {dblp computer science bibliography, https://dblp.org}
}

@article{DBLP:journals/algorithmica/AngeliniB19,
  author    = {Patrizio Angelini and
               Michael A. Bekos},
  title     = {Hierarchical Partial Planarity},
  journal   = {Algorithmica},
  volume    = {81},
  number    = {6},
  pages     = {2196--2221},
  year      = {2019},
  OPTurl       = {https://doi.org/10.1007/s00453-018-0530-6},
  doi       = {10.1007/s00453-018-0530-6},
  timestamp = {Fri, 26 Apr 2019 17:26:35 +0200},
  biburl    = {https://dblp.org/rec/bib/journals/algorithmica/AngeliniB19},
  bibsource = {dblp computer science bibliography, https://dblp.org}
}

@article{DBLP:journals/algorithmica/AngeliniBLM19,
  author    = {Patrizio Angelini and
               Michael A. Bekos and
               Giuseppe Liotta and
               Fabrizio Montecchiani},
  title     = {Universal Slope Sets for 1-Bend Planar Drawings},
  journal   = {Algorithmica},
  volume    = {81},
  number    = {6},
  pages     = {2527--2556},
  year      = {2019},
  OPTurl       = {https://doi.org/10.1007/s00453-018-00542-9},
  doi       = {10.1007/s00453-018-00542-9},
  timestamp = {Fri, 26 Apr 2019 17:26:35 +0200},
  biburl    = {https://dblp.org/rec/bib/journals/algorithmica/AngeliniBLM19},
  bibsource = {dblp computer science bibliography, https://dblp.org}
}

@article{DBLP:journals/discmath/BekosBKR17,
  author    = {Michael A. Bekos and 
              Emilio {Di Giacomo} and 
              Walter Didimo and 
              Giuseppe Liotta and 
              Fabrizio Montecchiani and 
              Chrysanthi Raftopoulou},
  title     = {Edge partitions of optimal 2-plane and 3-plane graphs},
  journal   = {Discrete Mathematics},
  volume    = {342},
  number    = {4},
  pages     = {1038--1047},
  year      = {2019},
  OPTurl       = {https://doi.org/10.1007/s00453-016-0203-2},
  doi       = {10.1016/j.disc.2018.12.002},
  timestamp = {Fri, 15 Sep 2017 17:21:36 +0200},
  biburl    = {https://dblp.org/rec/bib/journals/discmath/BekosBKR17},
  bibsource = {dblp computer science bibliography, https://dblp.org}
}

@article{DBLP:journals/tcs/BekosBFKPS18,
  author    = {Michael A. Bekos and
               Till Bruckdorfer and
               Henry F{\"{o}}rster and
               Michael Kaufmann and
               Simon Poschenrieder and
               Thomas St{\"{u}}ber},
  title     = {Algorithms and insights for RaceTrack},
  journal   = {Theor. Comput. Sci.},
  volume    = {748},
  pages     = {2--16},
  year      = {2018},
  OPTurl       = {https://doi.org/10.1016/j.tcs.2018.04.028},
  doi       = {10.1016/j.tcs.2018.04.028},
  timestamp = {Fri, 30 Nov 2018 13:25:24 +0100},
  biburl    = {https://dblp.org/rec/bib/journals/tcs/BekosBFKPS18},
  bibsource = {dblp computer science bibliography, https://dblp.org}
}

@article{DBLP:journals/algorithmica/BekosDFKKPSW17,
  author    = {Michael A. Bekos and
               Thomas C. van Dijk and
               Martin Fink and
               Philipp Kindermann and
               Stephen G. Kobourov and
               Sergey Pupyrev and
               Joachim Spoerhase and
               Alexander Wolff},
  title     = {Improved Approximation Algorithms for Box Contact Representations},
  journal   = {Algorithmica},
  volume    = {77},
  number    = {3},
  pages     = {902--920},
  year      = {2017},
  OPTurl       = {https://doi.org/10.1007/s00453-016-0121-3},
  doi       = {10.1007/s00453-016-0121-3},
  timestamp = {Fri, 30 Nov 2018 13:28:56 +0100},
  biburl    = {https://dblp.org/rec/bib/journals/algorithmica/BekosDFKKPSW17},
  bibsource = {dblp computer science bibliography, https://dblp.org}
}

@article{DBLP:journals/jda/BekosKKSV17,
  author    = {Michael A. Bekos and
               Michael Kaufmann and
               Stephen G. Kobourov and
               Konstantinos Stavropoulos and
               Sankar Veeramoni},
  title     = {The maximum k-differential coloring problem},
  journal   = {J. Discrete Algorithms},
  volume    = {45},
  pages     = {35--53},
  year      = {2017},
  OPTurl       = {https://doi.org/10.1016/j.jda.2017.08.001},
  doi       = {10.1016/j.jda.2017.08.001},
  timestamp = {Fri, 20 Oct 2017 16:38:49 +0200},
  biburl    = {https://dblp.org/rec/bib/journals/jda/BekosKKSV17},
  bibsource = {dblp computer science bibliography, https://dblp.org}
}

@article{DBLP:journals/jgaa/BekosKK17,
  author    = {Michael A. Bekos and
               Michael Kaufmann and
               Robert Krug},
  title     = {On the Total Number of Bends for Planar Octilinear Drawings},
  journal   = {J. Graph Algorithms Appl.},
  volume    = {21},
  number    = {4},
  pages     = {709--730},
  year      = {2017},
  OPTurl       = {https://doi.org/10.7155/jgaa.00436},
  doi       = {10.7155/jgaa.00436},
  timestamp = {Fri, 30 Nov 2018 13:20:09 +0100},
  biburl    = {https://dblp.org/rec/bib/journals/jgaa/BekosKK17},
  bibsource = {dblp computer science bibliography, https://dblp.org}
}

@article{DBLP:journals/jgaa/AngeliniBLD0KMR17,
  author    = {Patrizio Angelini and
               Michael A. Bekos and
               Felice De Luca and
               Walter Didimo and
               Michael Kaufmann and
               Stephen G. Kobourov and
               Fabrizio Montecchiani and
               Chrysanthi N. Raftopoulou and
               Vincenzo Roselli and
               Antonios Symvonis},
  title     = {Vertex-Coloring with Defects},
  journal   = {J. Graph Algorithms Appl.},
  volume    = {21},
  number    = {3},
  pages     = {313--340},
  year      = {2017},
  OPTurl       = {https://doi.org/10.7155/jgaa.00418},
  doi       = {10.7155/jgaa.00418},
  timestamp = {Fri, 30 Nov 2018 13:20:09 +0100},
  biburl    = {https://dblp.org/rec/bib/journals/jgaa/AngeliniBLD0KMR17},
  bibsource = {dblp computer science bibliography, https://dblp.org}
}

@article{DBLP:journals/jgaa/BekosDKW16,
  author    = {Michael A. Bekos and
               Thomas C. van Dijk and
               Philipp Kindermann and
               Alexander Wolff},
  title     = {Simultaneous Drawing of Planar Graphs with Right-Angle Crossings and
               Few Bends},
  journal   = {J. Graph Algorithms Appl.},
  volume    = {20},
  number    = {1},
  pages     = {133--158},
  year      = {2016},
  OPTurl       = {https://doi.org/10.7155/jgaa.00388},
  doi       = {10.7155/jgaa.00388},
  timestamp = {Sat, 16 Sep 2017 12:05:27 +0200},
  biburl    = {https://dblp.org/rec/bib/journals/jgaa/BekosDKW16},
  bibsource = {dblp computer science bibliography, https://dblp.org}
}

@article{DBLP:journals/jgaa/BekosCFH0NRS15,
  author    = {Michael A. Bekos and
               Sabine Cornelsen and
               Martin Fink and
               Seok{-}Hee Hong and
               Michael Kaufmann and
               Martin N{\"{o}}llenburg and
               Ignaz Rutter and
               Antonios Symvonis},
  title     = {Many-to-One Boundary Labeling with Backbones},
  journal   = {J. Graph Algorithms Appl.},
  volume    = {19},
  number    = {3},
  pages     = {779--816},
  year      = {2015},
  OPTurl       = {https://doi.org/10.7155/jgaa.00379},
  doi       = {10.7155/jgaa.00379},
  timestamp = {Fri, 30 Nov 2018 13:20:09 +0100},
  biburl    = {https://dblp.org/rec/bib/journals/jgaa/BekosCFH0NRS15},
  bibsource = {dblp computer science bibliography, https://dblp.org}
}

@article{DBLP:journals/jgaa/BekosG0015,
  author    = {Michael A. Bekos and
               Martin Gronemann and
               Michael Kaufmann and
               Robert Krug},
  title     = {Planar Octilinear Drawings with One Bend Per Edge},
  journal   = {J. Graph Algorithms Appl.},
  volume    = {19},
  number    = {2},
  pages     = {657--680},
  year      = {2015},
  OPTurl       = {https://doi.org/10.7155/jgaa.00369},
  doi       = {10.7155/jgaa.00369},
  timestamp = {Sat, 16 Sep 2017 12:05:27 +0200},
  biburl    = {https://dblp.org/rec/bib/journals/jgaa/BekosG0015},
  bibsource = {dblp computer science bibliography, https://dblp.org}
}

@article{DBLP:journals/jocg/BekosR15,
  author    = {Michael A. Bekos and
               Chrysanthi N. Raftopoulou},
  title     = {On a conjecture of {L}ov{\'{a}}sz on circle-representations of
               simple 4-regular planar graphs},
  journal   = {JoCG},
  volume    = {6},
  number    = {1},
  pages     = {1--20},
  year      = {2015},
  doi       = {10.20382/jocg.v6i1a1},
  OPTurl       = {http://dx.doi.org/10.20382/jocg.v6i1a1},
  timestamp = {Wed, 18 Mar 2015 09:32:25 +0100},
  biburl    = {https://dblp.org/rec/bib/journals/jocg/BekosR15},
  bibsource = {dblp computer science bibliography, https://dblp.org}
}

@article{DBLP:journals/jgaa/Bekos0KLNR14,
  author    = {Michael A. Bekos and
               Michael Kaufmann and
               Robert Krug and
               Thorsten Ludwig and
               Stefan N{\"{a}}her and
               Vincenzo Roselli},
  title     = {Slanted Orthogonal Drawings: Model, Algorithms and Evaluations},
  journal   = {J. Graph Algorithms Appl.},
  volume    = {18},
  number    = {3},
  pages     = {459--489},
  year      = {2014},
  OPTurl       = {https://doi.org/10.7155/jgaa.00332},
  doi       = {10.7155/jgaa.00332},
  timestamp = {Sat, 16 Sep 2017 12:05:27 +0200},
  biburl    = {https://dblp.org/rec/bib/journals/jgaa/Bekos0KLNR14},
  bibsource = {dblp computer science bibliography, https://dblp.org}
}

@article{DBLP:journals/jda/BekosKKV14,
  author    = {Michael A. Bekos and
               Michael Kaufmann and
               Stephen G. Kobourov and
               Sankar Veeramoni},
  title     = {A note on maximum differential coloring of planar graphs},
  journal   = {J. Discrete Algorithms},
  volume    = {29},
  pages     = {1--7},
  year      = {2014},
  OPTurl       = {https://doi.org/10.1016/j.jda.2014.06.004},
  doi       = {10.1016/j.jda.2014.06.004},
  timestamp = {Sat, 16 Sep 2017 12:03:26 +0200},
  biburl    = {https://dblp.org/rec/bib/journals/jda/BekosKKV14},
  bibsource = {dblp computer science bibliography, https://dblp.org}
}

@article{DBLP:journals/jgaa/BekosKKS13,
  author    = {Michael A. Bekos and
               Michael Kaufmann and
               Stephen G. Kobourov and
               Antonios Symvonis},
  title     = {Smooth Orthogonal Layouts},
  journal   = {J. Graph Algorithms Appl.},
  volume    = {17},
  number    = {5},
  pages     = {575--595},
  year      = {2013},
  OPTurl       = {https://doi.org/10.7155/jgaa.00305},
  doi       = {10.7155/jgaa.00305},
  timestamp = {Sat, 16 Sep 2017 12:05:27 +0200},
  biburl    = {https://dblp.org/rec/bib/journals/jgaa/BekosKKS13},
  bibsource = {dblp computer science bibliography, https://dblp.org}
}

@article{DBLP:journals/jgaa/ArgyriouBKS13,
  author    = {Evmorfia N. Argyriou and
               Michael A. Bekos and
               Michael Kaufmann and
               Antonios Symvonis},
  title     = {Geometric {RAC} Simultaneous Drawings of Graphs},
  journal   = {J. Graph Algorithms Appl.},
  volume    = {17},
  number    = {1},
  pages     = {11--34},
  year      = {2013},
  url       = {https://doi.org/10.7155/jgaa.00282},
  doi       = {10.7155/jgaa.00282},
  timestamp = {Sat, 16 Sep 2017 12:05:27 +0200},
  biburl    = {https://dblp.org/rec/bib/journals/jgaa/ArgyriouBKS13},
  bibsource = {dblp computer science bibliography, https://dblp.org}
}

@article{DBLP:journals/cj/ArgyriouBS13,
  author    = {Evmorfia N. Argyriou and
               Michael A. Bekos and
               Antonios Symvonis},
  title     = {Maximizing the Total Resolution of Graphs},
  journal   = {Comput. J.},
  volume    = {56},
  number    = {7},
  pages     = {887--900},
  year      = {2013},
  OPTurl       = {https://doi.org/10.1093/comjnl/bxs088},
  doi       = {10.1093/comjnl/bxs088},
  timestamp = {Fri, 15 Sep 2017 17:21:44 +0200},
  biburl    = {https://dblp.org/rec/bib/journals/cj/ArgyriouBS13},
  bibsource = {dblp computer science bibliography, https://dblp.org}
}

@article{DBLP:journals/algorithmica/BekosKNS10,
  author    = {Michael A. Bekos and
               Michael Kaufmann and
               Martin N{\"{o}}llenburg and
               Antonios Symvonis},
  title     = {Boundary Labeling with Octilinear Leaders},
  journal   = {Algorithmica},
  volume    = {57},
  number    = {3},
  pages     = {436--461},
  year      = {2010},
  OPTurl       = {https://doi.org/10.1007/s00453-009-9283-6},
  doi       = {10.1007/s00453-009-9283-6},
  timestamp = {Fri, 15 Sep 2017 17:21:36 +0200},
  biburl    = {https://dblp.org/rec/bib/journals/algorithmica/BekosKNS10},
  bibsource = {dblp computer science bibliography, https://dblp.org}
}

@article{DBLP:journals/jgaa/ArgyriouBKS10,
  author    = {Evmorfia N. Argyriou and
               Michael A. Bekos and
               Michael Kaufmann and
               Antonios Symvonis},
  title     = {On Metro-Line Crossing Minimization},
  journal   = {J. Graph Algorithms Appl.},
  volume    = {14},
  number    = {1},
  pages     = {75--96},
  year      = {2010},
  OPTurl       = {http://dx.doi.org/10.7155/jgaa.00199},
  doi       = {10.7155/jgaa.00199},
  timestamp = {Wed, 10 Dec 2014 15:25:30 +0100},
  biburl    = {https://dblp.org/rec/bib/journals/jgaa/ArgyriouBKS10},
  bibsource = {dblp computer science bibliography, https://dblp.org}
}

@article{DBLP:journals/cj/BekosKPS10,
  author    = {Michael A. Bekos and
               Michael Kaufmann and
               Katerina Potika and
               Antonios Symvonis},
  title     = {Area-Feature Boundary Labeling},
  journal   = {Comput. J.},
  volume    = {53},
  number    = {6},
  pages     = {827--841},
  year      = {2010},
  OPTurl       = {https://doi.org/10.1093/comjnl/bxp087},
  doi       = {10.1093/comjnl/bxp087},
  timestamp = {Fri, 15 Sep 2017 17:21:45 +0200},
  biburl    = {https://dblp.org/rec/bib/journals/cj/BekosKPS10},
  bibsource = {dblp computer science bibliography, https://dblp.org}
}

@article{DBLP:journals/jgaa/BekosKS08,
  author    = {Michael A. Bekos and
               Michael Kaufmann and
               Antonios Symvonis},
  title     = {Efficient Labeling of Collinear Sites},
  journal   = {J. Graph Algorithms Appl.},
  volume    = {12},
  number    = {3},
  pages     = {357--380},
  year      = {2008},
  OPTurl       = {http://dx.doi.org/10.7155/jgaa.00170},
  doi       = {10.7155/jgaa.00170},
  timestamp = {Wed, 10 Dec 2014 15:25:30 +0100},
  biburl    = {https://dblp.org/rec/bib/journals/jgaa/BekosKS08},
  bibsource = {dblp computer science bibliography, https://dblp.org}
}

@article{DBLP:journals/comgeo/BekosKSW07,
  author    = {Michael A. Bekos and
               Michael Kaufmann and
               Antonios Symvonis and
               Alexander Wolff},
  title     = {Boundary labeling: Models and efficient algorithms for rectangular
               maps},
  journal   = {Comput. Geom.},
  volume    = {36},
  number    = {3},
  pages     = {215--236},
  year      = {2007},
  OPTurl       = {https://doi.org/10.1016/j.comgeo.2006.05.003},
  doi       = {10.1016/j.comgeo.2006.05.003},
  timestamp = {Sat, 16 Sep 2017 12:05:35 +0200},
  biburl    = {https://dblp.org/rec/bib/journals/comgeo/BekosKSW07},
  bibsource = {dblp computer science bibliography, https://dblp.org}
}

@inproceedings{DBLP:conf/gd/BekosFGH0SS18,
  author    = {Michael A. Bekos and
               Henry F{\"{o}}rster and
               Christian Geckeler and
               Lukas Holl{\"{a}}nder and
               Michael Kaufmann and
               Amad{\"{a}}us M. Spallek and
               Jan Splett},
  editor    = {Therese C. Biedl and
               Andreas Kerren},
  title     = {A Heuristic Approach Towards Drawings of Graphs with High Crossing
               Resolution},
  booktitle = {{Graph Drawing and Network Visualization}},
  series    = {LNCS},
  volume    = {11282},
  pages     = {271--285},
  publisher = {Springer},
  year      = {2018},
  OPTurl       = {https://doi.org/10.1007/978-3-030-04414-5\_19},
  doi       = {10.1007/978-3-030-04414-5\_19},
  timestamp = {Tue, 18 Dec 2018 13:44:45 +0100},
  biburl    = {https://dblp.org/rec/bib/conf/gd/BekosFGH0SS18},
  bibsource = {dblp computer science bibliography, https://dblp.org}
}

@inproceedings{DBLP:conf/gd/AngeliniBD0KMPS18,
  author    = {Patrizio Angelini and
               Michael A. Bekos and
               Walter Didimo and
               Luca Grilli and
               Philipp Kindermann and
               Tamara Mchedlidze and
               Roman Prutkin and
               Antonios Symvonis and
               Alessandra Tappini},
  editor    = {Therese C. Biedl and
               Andreas Kerren},
  title     = {Greedy Rectilinear Drawings},
  booktitle = {{Graph Drawing and Network Visualization}},
  series    = {LNCS},
  volume    = {11282},
  pages     = {495--508},
  publisher = {Springer},
  year      = {2018},
  OPTurl       = {https://doi.org/10.1007/978-3-030-04414-5\_35},
  doi       = {10.1007/978-3-030-04414-5\_35},
  timestamp = {Wed, 26 Dec 2018 19:52:13 +0100},
  biburl    = {https://dblp.org/rec/bib/conf/gd/AngeliniBD0KMPS18},
  bibsource = {dblp computer science bibliography, https://dblp.org}
}

@inproceedings{DBLP:conf/gd/BekosGDLM18,
  author    = {Michael A. Bekos and
               Emilio {Di Giacomo} and
               Walter Didimo and
               Giuseppe Liotta and
               Fabrizio Montecchiani},
  editor    = {Therese C. Biedl and
               Andreas Kerren},
  title     = {Universal Slope Sets~for Upward Planar Drawings},
  booktitle = {{Graph Drawing and Network Visualization}},
  series    = {LNCS},
  volume    = {11282},
  pages     = {77--91},
  publisher = {Springer},
  year      = {2018},
  OPTurl       = {https://doi.org/10.1007/978-3-030-04414-5\_6},
  doi       = {10.1007/978-3-030-04414-5\_6},
  timestamp = {Tue, 18 Dec 2018 13:44:45 +0100},
  biburl    = {https://dblp.org/rec/bib/conf/gd/BekosGDLM18},
  bibsource = {dblp computer science bibliography, https://dblp.org}
}

@inproceedings{DBLP:conf/wg/BekosGDLMR18,
  author    = {Michael A. Bekos and
               Emilio {Di Giacomo} and
               Walter Didimo and
               Giuseppe Liotta and
               Fabrizio Montecchiani and
               Chrysanthi N. Raftopoulou},
  editor    = {Andreas Brandst{\"{a}}dt and
               Ekkehard K{\"{o}}hler and
               Klaus Meer},
  title     = {Edge Partitions of Optimal 2-plane and 3-plane Graphs},
  booktitle = {{WG}},
  series    = {LNCS},
  volume    = {11159},
  pages     = {27--39},
  publisher = {Springer},
  year      = {2018},
  OPTurl       = {https://doi.org/10.1007/978-3-030-00256-5\_3},
  doi       = {10.1007/978-3-030-00256-5\_3},
  timestamp = {Mon, 03 Sep 2018 16:26:41 +0200},
  biburl    = {https://dblp.org/rec/bib/conf/wg/BekosGDLMR18},
  bibsource = {dblp computer science bibliography, https://dblp.org}
}

@inproceedings{DBLP:conf/gd/AngeliniB0KS17,
  author    = {Patrizio Angelini and
               Michael A. Bekos and
               Michael Kaufmann and
               Philipp Kindermann and
               Thomas Schneck},
  editor    = {Fabrizio Frati and
               Kwan{-}Liu Ma},
  title     = {1-Fan-Bundle-Planar Drawings of Graphs},
  booktitle = {{Graph Drawing and Network Visualization}},
  series    = {LNCS},
  volume    = {10692},
  pages     = {517--530},
  publisher = {Springer},
  year      = {2017},
  OPTurl       = {https://doi.org/10.1007/978-3-319-73915-1\_40},
  doi       = {10.1007/978-3-319-73915-1\_40},
  timestamp = {Fri, 02 Nov 2018 09:43:11 +0100},
  biburl    = {https://dblp.org/rec/bib/conf/gd/AngeliniB0KS17},
  bibsource = {dblp computer science bibliography, https://dblp.org}
}

@inproceedings{DBLP:conf/gd/BekosF017,
  author    = {Michael A. Bekos and
               Henry F{\"{o}}rster and
               Michael Kaufmann},
  editor    = {Fabrizio Frati and
               Kwan{-}Liu Ma},
  title     = {On Smooth Orthogonal and Octilinear Drawings: Relations, Complexity
               and Kandinsky Drawings},
  booktitle = {{Graph Drawing and Network Visualization}},
  series    = {LNCS},
  volume    = {10692},
  pages     = {169--183},
  publisher = {Springer},
  year      = {2017},
  OPTurl       = {https://doi.org/10.1007/978-3-319-73915-1\_15},
  doi       = {10.1007/978-3-319-73915-1\_15},
  timestamp = {Wed, 21 Feb 2018 12:53:44 +0100},
  biburl    = {https://dblp.org/rec/bib/conf/gd/BekosF017},
  bibsource = {dblp computer science bibliography, https://dblp.org}
}

@inproceedings{DBLP:conf/gd/BekosLDMNST17,
  author    = {Michael A. Bekos and
               Felice De Luca and
               Walter Didimo and
               Tamara Mchedlidze and
               Martin N{\"{o}}llenburg and
               Antonios Symvonis and
               Ioannis G. Tollis},
  editor    = {Fabrizio Frati and
               Kwan{-}Liu Ma},
  title     = {Planar Drawings of Fixed-Mobile Bigraphs},
  booktitle = {{Graph Drawing and Network Visualization}},
  series    = {LNCS},
  volume    = {10692},
  pages     = {426--439},
  publisher = {Springer},
  year      = {2017},
  OPTurl       = {https://doi.org/10.1007/978-3-319-73915-1\_33},
  doi       = {10.1007/978-3-319-73915-1\_33},
  timestamp = {Wed, 21 Feb 2018 12:53:44 +0100},
  biburl    = {https://dblp.org/rec/bib/conf/gd/BekosLDMNST17},
  bibsource = {dblp computer science bibliography, https://dblp.org}
}

@inproceedings{DBLP:conf/compgeom/AngeliniBLM17,
  author    = {Patrizio Angelini and
               Michael A. Bekos and
               Giuseppe Liotta and
               Fabrizio Montecchiani},
  editor    = {Boris Aronov and
               Matthew J. Katz},
  title     = {A Universal Slope Set for 1-Bend Planar Drawings},
  booktitle = {{SoCG}},
  series    = {LIPIcs},
  volume    = {77},
  pages     = {9:1--9:16},
  publisher = {Schloss Dagstuhl},
  year      = {2017},
  OPTurl       = {https://doi.org/10.4230/LIPIcs.SoCG.2017.9},
  doi       = {10.4230/LIPIcs.SoCG.2017.9},
  timestamp = {Fri, 30 Nov 2018 13:31:51 +0100},
  biburl    = {https://dblp.org/rec/bib/conf/compgeom/AngeliniBLM17},
  bibsource = {dblp computer science bibliography, https://dblp.org}
}

@inproceedings{DBLP:conf/wg/AngeliniB17,
  author    = {Patrizio Angelini and
               Michael A. Bekos},
  editor    = {Hans L. Bodlaender and
               Gerhard J. Woeginger},
  title     = {Hierarchical Partial Planarity},
  booktitle = {{WG}},
  series    = {LNCS},
  volume    = {10520},
  pages     = {45--58},
  publisher = {Springer},
  year      = {2017},
  OPTurl       = {https://doi.org/10.1007/978-3-319-68705-6\_4},
  doi       = {10.1007/978-3-319-68705-6\_4},
  timestamp = {Fri, 02 Nov 2018 09:46:45 +0100},
  biburl    = {https://dblp.org/rec/bib/conf/wg/AngeliniB17},
  bibsource = {dblp computer science bibliography, https://dblp.org}
}

@inproceedings{DBLP:conf/gd/AngeliniBBH0KSV16,
  author    = {Patrizio Angelini and
               Michael A. Bekos and
               Till Bruckdorfer and
               Jaroslav Hancl Jr. and
               Michael Kaufmann and
               Stephen G. Kobourov and
               Antonios Symvonis and
               Pavel Valtr},
  editor    = {Yifan Hu and
               Martin N{\"{o}}llenburg},
  title     = {Low Ply Drawings of Trees},
  booktitle = {{Graph Drawing and Network Visualization}},
  series    = {LNCS},
  volume    = {9801},
  pages     = {236--248},
  publisher = {Springer},
  year      = {2016},
  OPTurl       = {https://doi.org/10.1007/978-3-319-50106-2\_19},
  doi       = {10.1007/978-3-319-50106-2\_19},
  timestamp = {Fri, 02 Nov 2018 09:43:11 +0100},
  biburl    = {https://dblp.org/rec/bib/conf/gd/AngeliniBBH0KSV16},
  bibsource = {dblp computer science bibliography, https://dblp.org}
}

@inproceedings{DBLP:conf/fun/BekosBF0PS16,
  author    = {Michael A. Bekos and
               Till Bruckdorfer and
               Henry F{\"{o}}rster and
               Michael Kaufmann and
               Simon Poschenrieder and
               Thomas St{\"{u}}ber},
  editor    = {Erik D. Demaine and
               Fabrizio Grandoni},
  title     = {Algorithms and Insights for RaceTrack},
  booktitle = {{FUN}},
  series    = {LIPIcs},
  volume    = {49},
  pages     = {6:1--6:14},
  publisher = {Schloss Dagstuhl},
  year      = {2016},
  OPTurl       = {https://doi.org/10.4230/LIPIcs.FUN.2016.6},
  doi       = {10.4230/LIPIcs.FUN.2016.6},
  timestamp = {Thu, 23 Aug 2018 15:56:21 +0200},
  biburl    = {https://dblp.org/rec/bib/conf/fun/BekosBF0PS16},
  bibsource = {dblp computer science bibliography, https://dblp.org}
}

@inproceedings{DBLP:conf/latin/Bekos0016,
  author    = {Michael A. Bekos and
               Michael Kaufmann and
               Robert Krug},
  editor    = {Evangelos Kranakis and
               Gonzalo Navarro and
               Edgar Ch{\'{a}}vez},
  title     = {On the Total Number of Bends for Planar Octilinear Drawings},
  booktitle = {{LATIN}},
  series    = {LNCS},
  volume    = {9644},
  pages     = {152--163},
  publisher = {Springer},
  year      = {2016},
  OPTurl       = {https://doi.org/10.1007/978-3-662-49529-2\_12},
  doi       = {10.1007/978-3-662-49529-2\_12},
  timestamp = {Fri, 02 Nov 2018 09:39:55 +0100},
  biburl    = {https://dblp.org/rec/bib/conf/latin/Bekos0016},
  bibsource = {dblp computer science bibliography, https://dblp.org}
}

@inproceedings{DBLP:conf/walcom/AngeliniB0R16,
  author    = {Patrizio Angelini and
               Michael A. Bekos and
               Michael Kaufmann and
               Vincenzo Roselli},
  editor    = {Mohammad Kaykobad and
               Rossella Petreschi},
  title     = {Vertex-Coloring with Star-Defects},
  booktitle = {{WALCOM}},
  series    = {LNCS},
  volume    = {9627},
  pages     = {40--51},
  publisher = {Springer},
  year      = {2016},
  OPTurl       = {https://doi.org/10.1007/978-3-319-30139-6\_4},
  doi       = {10.1007/978-3-319-30139-6\_4},
  timestamp = {Fri, 02 Nov 2018 09:35:15 +0100},
  biburl    = {https://dblp.org/rec/bib/conf/walcom/AngeliniB0R16},
  bibsource = {dblp computer science bibliography, https://dblp.org}
}

@inproceedings{DBLP:conf/esa/BekosB0R15,
  author    = {Michael A. Bekos and
               Till Bruckdorfer and
               Michael Kaufmann and
               Chrysanthi N. Raftopoulou},
  editor    = {Nikhil Bansal and
               Irene Finocchi},
  title     = {1-Planar Graphs have Constant Book Thickness},
  booktitle = {{ESA}},
  series    = {LNCS},
  volume    = {9294},
  pages     = {130--141},
  publisher = {Springer},
  year      = {2015},
  OPTurl       = {https://doi.org/10.1007/978-3-662-48350-3\_12},
  doi       = {10.1007/978-3-662-48350-3\_12},
  timestamp = {Wed, 14 Nov 2018 10:55:15 +0100},
  biburl    = {https://dblp.org/rec/bib/conf/esa/BekosB0R15},
  bibsource = {dblp computer science bibliography, https://dblp.org}
}

@inproceedings{DBLP:conf/wea/Bekos00S15,
  author    = {Michael A. Bekos and
               Michael Kaufmann and
               Robert Krug and
               Martin Siebenhaller},
  editor    = {Evripidis Bampis},
  title     = {The Effect of Almost-Empty Faces on Planar Kandinsky Drawings},
  booktitle = {{SEA}},
  series    = {LNCS},
  volume    = {9125},
  pages     = {352--364},
  publisher = {Springer},
  year      = {2015},
  OPTurl       = {https://doi.org/10.1007/978-3-319-20086-6\_27},
  doi       = {10.1007/978-3-319-20086-6\_27},
  timestamp = {Sat, 16 Sep 2017 12:08:31 +0200},
  biburl    = {https://dblp.org/rec/bib/conf/wea/Bekos00S15},
  bibsource = {dblp computer science bibliography, https://dblp.org}
}

@inproceedings{DBLP:conf/walcom/BekosDKW15,
  author    = {Michael A. Bekos and
               Thomas C. van Dijk and
               Philipp Kindermann and
               Alexander Wolff},
  editor    = {M. Sohel Rahman and
               Etsuji Tomita},
  title     = {Simultaneous Drawing of Planar Graphs with Right-Angle Crossings and
               Few Bends},
  booktitle = {{WALCOM}},
  series    = {LNCS},
  volume    = {8973},
  pages     = {222--233},
  publisher = {Springer},
  year      = {2015},
  OPTurl       = {https://doi.org/10.1007/978-3-319-15612-5\_20},
  doi       = {10.1007/978-3-319-15612-5\_20},
  timestamp = {Thu, 15 Jun 2017 21:45:03 +0200},
  biburl    = {https://dblp.org/rec/bib/conf/walcom/BekosDKW15},
  bibsource = {dblp computer science bibliography, https://dblp.org}
}

@inproceedings{DBLP:conf/sofsem/Bekos0KV15,
  author    = {Michael A. Bekos and
               Michael Kaufmann and
               Stephen G. Kobourov and
               Sankar Veeramoni},
  editor    = {Giuseppe F. {Italiano et al.}},
  title     = {The Maximum k-Differential Coloring Problem},
  booktitle = {{SOFSEM}},
  series    = {LNCS},
  volume    = {8939},
  pages     = {115--127},
  publisher = {Springer},
  year      = {2015},
  OPTurl       = {https://doi.org/10.1007/978-3-662-46078-8\_10},
  doi       = {10.1007/978-3-662-46078-8\_10},
  timestamp = {Fri, 02 Nov 2018 09:34:58 +0100},
  biburl    = {https://dblp.org/rec/bib/conf/sofsem/Bekos0KV15},
  bibsource = {dblp computer science bibliography, https://dblp.org}
}

@inproceedings{DBLP:conf/iisa/Bekos0015,
  author    = {Michael A. Bekos and
               Michael Kaufmann and
               Robert Krug},
  editor    = {Nikolaos G. Bourbakis and
               George A. Tsihrintzis and
               Maria Virvou},
  title     = {Sloginsky drawings of graphs},
  booktitle = {{IISA}},
  pages     = {1--6},
  publisher = {{IEEE}},
  year      = {2015},
  OPTurl       = {https://doi.org/10.1109/IISA.2015.7388121},
  doi       = {10.1109/IISA.2015.7388121},
  timestamp = {Sat, 16 Sep 2017 12:08:26 +0200},
  biburl    = {https://dblp.org/rec/bib/conf/iisa/Bekos0015},
  bibsource = {dblp computer science bibliography, https://dblp.org}
}

@inproceedings{DBLP:conf/gd/BekosGKK14,
  author    = {Michael A. Bekos and
               Martin Gronemann and
               Michael Kaufmann and
               Robert Krug},
  editor    = {Christian A. Duncan and
               Antonios Symvonis},
  title     = {Planar Octilinear Drawings with One Bend Per Edge},
  booktitle = {{Graph Drawing}},
  series    = {LNCS},
  volume    = {8871},
  pages     = {331--342},
  publisher = {Springer},
  year      = {2014},
  OPTurl       = {https://doi.org/10.1007/978-3-662-45803-7\_28},
  doi       = {10.1007/978-3-662-45803-7\_28},
  timestamp = {Sun, 23 Dec 2018 17:21:13 +0100},
  biburl    = {https://dblp.org/rec/bib/conf/gd/BekosGKK14},
  bibsource = {dblp computer science bibliography, https://dblp.org}
}

@inproceedings{DBLP:conf/gd/BekosCGHK14,
  author    = {Michael A. Bekos and
               Sabine Cornelsen and
               Luca Grilli and
               Seok{-}Hee Hong and
               Michael Kaufmann},
  editor    = {Christian A. Duncan and
               Antonios Symvonis},
  title     = {On the Recognition of Fan-Planar and Maximal Outer-Fan-Planar Graphs},
  booktitle = {{Graph Drawing}},
  series    = {LNCS},
  volume    = {8871},
  pages     = {198--209},
  publisher = {Springer},
  year      = {2014},
  OPTurl       = {https://doi.org/10.1007/978-3-662-45803-7\_17},
  doi       = {10.1007/978-3-662-45803-7\_17},
  timestamp = {Sun, 23 Dec 2018 17:21:13 +0100},
  biburl    = {https://dblp.org/rec/bib/conf/gd/BekosCGHK14},
  bibsource = {dblp computer science bibliography, https://dblp.org}
}

@inproceedings{DBLP:conf/esa/BekosDFKKPSW14,
  author    = {Michael A. Bekos and
               Thomas C. van Dijk and
               Martin Fink and
               Philipp Kindermann and
               Stephen G. Kobourov and
               Sergey Pupyrev and
               Joachim Spoerhase and
               Alexander Wolff},
  editor    = {Andreas S. Schulz and
               Dorothea Wagner},
  title     = {Improved Approximation Algorithms for Box Contact Representations},
  booktitle = {{ESA}},
  series    = {LNCS},
  volume    = {8737},
  pages     = {87--99},
  publisher = {Springer},
  year      = {2014},
  OPTurl       = {https://doi.org/10.1007/978-3-662-44777-2\_8},
  doi       = {10.1007/978-3-662-44777-2\_8},
  timestamp = {Fri, 02 Nov 2018 09:38:05 +0100},
  biburl    = {https://dblp.org/rec/bib/conf/esa/BekosDFKKPSW14},
  bibsource = {dblp computer science bibliography, https://dblp.org}
}

@inproceedings{DBLP:conf/stacs/BekosGR14,
  author    = {Michael A. Bekos and
               Martin Gronemann and
               Chrysanthi N. Raftopoulou},
  editor    = {Ernst W. Mayr and
               Natacha Portier},
  title     = {Two-Page Book Embeddings of 4-Planar Graphs},
  booktitle = {{STACS}},
  series    = {LIPIcs},
  volume    = {25},
  pages     = {137--148},
  publisher = {Schloss Dagstuhl},
  year      = {2014},
  OPTurl       = {https://doi.org/10.4230/LIPIcs.STACS.2014.137},
  doi       = {10.4230/LIPIcs.STACS.2014.137},
  timestamp = {Thu, 23 Aug 2018 15:56:37 +0200},
  biburl    = {https://dblp.org/rec/bib/conf/stacs/BekosGR14},
  bibsource = {dblp computer science bibliography, https://dblp.org}
}

@inproceedings{DBLP:conf/latin/AlamBKKKW14,
  author    = {Muhammad Jawaherul Alam and
               Michael A. Bekos and
               Michael Kaufmann and
               Philipp Kindermann and
               Stephen G. Kobourov and
               Alexander Wolff},
  editor    = {Alberto Pardo and
               Alfredo Viola},
  title     = {Smooth Orthogonal Drawings of Planar Graphs},
  booktitle = {{LATIN}},
  series    = {LNCS},
  volume    = {8392},
  pages     = {144--155},
  publisher = {Springer},
  year      = {2014},
  OPTurl       = {https://doi.org/10.1007/978-3-642-54423-1\_13},
  doi       = {10.1007/978-3-642-54423-1\_13},
  timestamp = {Sat, 16 Sep 2017 12:10:58 +0200},
  biburl    = {https://dblp.org/rec/bib/conf/latin/AlamBKKKW14},
  bibsource = {dblp computer science bibliography, https://dblp.org}
}

@inproceedings{DBLP:conf/iisa/BekosGPR14,
  author    = {Michael A. Bekos and
               Martin Gronemann and
               Sergey Pupyrev and
               Chrysanthi N. Raftopoulou},
  editor    = {Nikolaos G. Bourbakis and
               George A. Tsihrintzis and
               Maria Virvou},
  title     = {Perfect smooth orthogonal drawings},
  booktitle = {{IISA}},
  pages     = {76--81},
  publisher = {{IEEE}},
  year      = {2014},
  OPTurl       = {https://doi.org/10.1109/IISA.2014.6878731},
  doi       = {10.1109/IISA.2014.6878731},
  timestamp = {Sat, 16 Sep 2017 12:08:26 +0200},
  biburl    = {https://dblp.org/rec/bib/conf/iisa/BekosGPR14},
  bibsource = {dblp computer science bibliography, https://dblp.org}
}

@inproceedings{DBLP:conf/iisa/BekosKK14,
  author    = {Michael A. Bekos and
               Michael Kaufmann and
               Robert Krug},
  editor    = {Nikolaos G. Bourbakis and
               George A. Tsihrintzis and
               Maria Virvou},
  title     = {Sloggy drawings of graphs},
  booktitle = {{IISA}},
  pages     = {82--87},
  publisher = {{IEEE}},
  year      = {2014},
  OPTurl       = {https://doi.org/10.1109/IISA.2014.6878764},
  doi       = {10.1109/IISA.2014.6878764},
  timestamp = {Sat, 16 Sep 2017 12:08:26 +0200},
  biburl    = {https://dblp.org/rec/bib/conf/iisa/BekosKK14},
  bibsource = {dblp computer science bibliography, https://dblp.org}
}

@inproceedings{DBLP:conf/gd/BekosKKNR13,
  author    = {Michael A. Bekos and
               Michael Kaufmann and
               Robert Krug and
               Stefan N{\"{a}}her and
               Vincenzo Roselli},
  editor    = {Stephen K. Wismath and
               Alexander Wolff},
  title     = {Slanted Orthogonal Drawings},
  booktitle = {{Graph Drawing}},
  series    = {LNCS},
  volume    = {8242},
  pages     = {424--435},
  publisher = {Springer},
  year      = {2013},
  OPTurl       = {https://doi.org/10.1007/978-3-319-03841-4\_37},
  doi       = {10.1007/978-3-319-03841-4\_37},
  timestamp = {Tue, 26 Jun 2018 14:12:01 +0200},
  biburl    = {https://dblp.org/rec/bib/conf/gd/BekosKKNR13},
  bibsource = {dblp computer science bibliography, https://dblp.org}
}

@inproceedings{DBLP:conf/gd/BekosCFHKNRS13,
  author    = {Michael A. Bekos and
               Sabine Cornelsen and
               Martin Fink and
               Seok{-}Hee Hong and
               Michael Kaufmann and
               Martin N{\"{o}}llenburg and
               Ignaz Rutter and
               Antonios Symvonis},
  editor    = {Stephen K. Wismath and
               Alexander Wolff},
  title     = {Many-to-One Boundary Labeling with Backbones},
  booktitle = {{Graph Drawing}},
  series    = {LNCS},
  volume    = {8242},
  pages     = {244--255},
  publisher = {Springer},
  year      = {2013},
  OPTurl       = {https://doi.org/10.1007/978-3-319-03841-4\_22},
  doi       = {10.1007/978-3-319-03841-4\_22},
  timestamp = {Tue, 26 Jun 2018 14:12:01 +0200},
  biburl    = {https://dblp.org/rec/bib/conf/gd/BekosCFHKNRS13},
  bibsource = {dblp computer science bibliography, https://dblp.org}
}

@inproceedings{DBLP:conf/gd/BekosR12,
  author    = {Michael A. Bekos and
               Chrysanthi N. Raftopoulou},
  editor    = {Walter Didimo and
               Maurizio Patrignani},
  title     = {Circle-Representations of Simple 4-Regular Planar Graphs},
  booktitle = {{Graph Drawing}},
  series    = {LNCS},
  volume    = {7704},
  pages     = {138--149},
  publisher = {Springer},
  year      = {2012},
  OPTurl       = {https://doi.org/10.1007/978-3-642-36763-2\_13},
  doi       = {10.1007/978-3-642-36763-2\_13},
  timestamp = {Tue, 26 Jun 2018 14:12:02 +0200},
  biburl    = {https://dblp.org/rec/bib/conf/gd/BekosR12},
  bibsource = {dblp computer science bibliography, https://dblp.org}
}

@inproceedings{DBLP:conf/gd/BekosKKS12,
  author    = {Michael A. Bekos and
               Michael Kaufmann and
               Stephen G. Kobourov and
               Antonios Symvonis},
  editor    = {Walter Didimo and
               Maurizio Patrignani},
  title     = {Smooth Orthogonal Layouts},
  booktitle = {{Graph Drawing}},
  series    = {LNCS},
  volume    = {7704},
  pages     = {150--161},
  publisher = {Springer},
  year      = {2012},
  OPTurl       = {https://doi.org/10.1007/978-3-642-36763-2\_14},
  doi       = {10.1007/978-3-642-36763-2\_14},
  timestamp = {Tue, 26 Jun 2018 14:12:02 +0200},
  biburl    = {https://dblp.org/rec/bib/conf/gd/BekosKKS12},
  bibsource = {dblp computer science bibliography, https://dblp.org}
}

@inproceedings{DBLP:conf/cocoon/ArgyriouBKS12,
  author    = {Evmorfia N. Argyriou and
               Michael A. Bekos and
               Michael Kaufmann and
               Antonios Symvonis},
  editor    = {Joachim Gudmundsson and
               Juli{\'{a}}n Mestre and
               Taso Viglas},
  title     = {Geometric {RAC} Simultaneous Drawings of Graphs},
  booktitle = {{COCOON}},
  series    = {LNCS},
  volume    = {7434},
  pages     = {287--298},
  publisher = {Springer},
  year      = {2012},
  OPTurl       = {https://doi.org/10.1007/978-3-642-32241-9\_25},
  doi       = {10.1007/978-3-642-32241-9\_25},
  timestamp = {Sat, 16 Sep 2017 12:10:29 +0200},
  biburl    = {https://dblp.org/rec/bib/conf/cocoon/ArgyriouBKS12},
  bibsource = {dblp computer science bibliography, https://dblp.org}
}

@inproceedings{DBLP:conf/sofsem/ArgyriouBS11,
  author    = {Evmorfia N. Argyriou and
               Michael A. Bekos and
               Antonios Symvonis},
  editor    = {Ivana {Cern{\'{a}} et al.}},
  title     = {The Straight-Line {RAC} Drawing Problem Is NP-Hard},
  booktitle = {{SOFSEM}},
  series    = {LNCS},
  volume    = {6543},
  pages     = {74--85},
  publisher = {Springer},
  year      = {2011},
  OPTurl       = {https://doi.org/10.1007/978-3-642-18381-2\_6},
  doi       = {10.1007/978-3-642-18381-2\_6},
  timestamp = {Sat, 16 Sep 2017 12:09:19 +0200},
  biburl    = {https://dblp.org/rec/bib/conf/sofsem/ArgyriouBS11},
  bibsource = {dblp computer science bibliography, https://dblp.org}
}

@inproceedings{DBLP:conf/sofsem/BekosKPS11,
  author    = {Michael A. Bekos and
               Michael Kaufmann and
               Dimitrios Papadopoulos and
               Antonios Symvonis},
  editor    = {Ivana {Cern{\'{a}} et al.}},
  title     = {Combining Traditional Map Labeling with Boundary Labeling},
  booktitle = {{SOFSEM}},
  series    = {LNCS},
  volume    = {6543},
  pages     = {111--122},
  publisher = {Springer},
  year      = {2011},
  OPTurl       = {https://doi.org/10.1007/978-3-642-18381-2\_9},
  doi       = {10.1007/978-3-642-18381-2\_9},
  timestamp = {Fri, 02 Nov 2018 09:34:58 +0100},
  biburl    = {https://dblp.org/rec/bib/conf/sofsem/BekosKPS11},
  bibsource = {dblp computer science bibliography, https://dblp.org}
}

@inproceedings{DBLP:conf/gd/ArgyriouBS10,
  author    = {Evmorfia N. Argyriou and
               Michael A. Bekos and
               Antonios Symvonis},
  editor    = {Ulrik Brandes and
               Sabine Cornelsen},
  title     = {Maximizing the Total Resolution of Graphs},
  booktitle = {{Graph Drawing}},
  series    = {LNCS},
  volume    = {6502},
  pages     = {62--67},
  publisher = {Springer},
  year      = {2010},
  OPTurl       = {https://doi.org/10.1007/978-3-642-18469-7\_6},
  doi       = {10.1007/978-3-642-18469-7\_6},
  timestamp = {Tue, 26 Jun 2018 14:12:02 +0200},
  biburl    = {https://dblp.org/rec/bib/conf/gd/ArgyriouBS10},
  bibsource = {dblp computer science bibliography, https://dblp.org}
}

@inproceedings{DBLP:conf/gd/ArgyriouBKS08,
  author    = {Evmorfia N. Argyriou and
               Michael A. Bekos and
               Michael Kaufmann and
               Antonios Symvonis},
  editor    = {Ioannis G. Tollis and
               Maurizio Patrignani},
  title     = {Two Polynomial Time Algorithms for the Metro-line Crossing Minimization
               Problem},
  booktitle = {{Graph Drawing}},
  series    = {LNCS},
  volume    = {5417},
  pages     = {336--347},
  publisher = {Springer},
  year      = {2008},
  OPTurl       = {https://doi.org/10.1007/978-3-642-00219-9\_33},
  doi       = {10.1007/978-3-642-00219-9\_33},
  timestamp = {Tue, 26 Jun 2018 14:12:02 +0200},
  biburl    = {https://dblp.org/rec/bib/conf/gd/ArgyriouBKS08},
  bibsource = {dblp computer science bibliography, https://dblp.org}
}

@inproceedings{DBLP:conf/swat/BekosKNS08,
  author    = {Michael A. Bekos and
               Michael Kaufmann and
               Martin N{\"{o}}llenburg and
               Antonios Symvonis},
  editor    = {Joachim Gudmundsson},
  title     = {Boundary Labeling with Octilinear Leaders},
  booktitle = {{SWAT}},
  series    = {LNCS},
  volume    = {5124},
  pages     = {234--245},
  publisher = {Springer},
  year      = {2008},
  OPTurl       = {https://doi.org/10.1007/978-3-540-69903-3\_22},
  doi       = {10.1007/978-3-540-69903-3\_22},
  timestamp = {Sat, 16 Sep 2017 12:10:58 +0200},
  biburl    = {https://dblp.org/rec/bib/conf/swat/BekosKNS08},
  bibsource = {dblp computer science bibliography, https://dblp.org}
}

@inproceedings{DBLP:conf/gd/BekosKPS07,
  author    = {Michael A. Bekos and
               Michael Kaufmann and
               Katerina Potika and
               Antonios Symvonis},
  editor    = {Seok{-}Hee Hong and
               Takao Nishizeki and
               Wu Quan},
  title     = {Line Crossing Minimization on Metro Maps},
  booktitle = {{Graph Drawing}},
  series    = {LNCS},
  volume    = {4875},
  pages     = {231--242},
  publisher = {Springer},
  year      = {2007},
  OPTurl       = {https://doi.org/10.1007/978-3-540-77537-9\_24},
  doi       = {10.1007/978-3-540-77537-9\_24},
  timestamp = {Tue, 26 Jun 2018 14:12:01 +0200},
  biburl    = {https://dblp.org/rec/bib/conf/gd/BekosKPS07},
  bibsource = {dblp computer science bibliography, https://dblp.org}
}

@inproceedings{DBLP:conf/apvis/BekosKS07,
  author    = {Michael A. Bekos and
               Michael Kaufmann and
               Antonios Symvonis},
  editor    = {Seok{-}Hee Hong and
               Kwan{-}Liu Ma},
  title     = {Labeling collinear sites},
  booktitle = {{APVIS}},
  pages     = {45--51},
  publisher = {{IEEE} Computer Society},
  year      = {2007},
  OPTurl       = {https://doi.org/10.1109/APVIS.2007.329274},
  doi       = {10.1109/APVIS.2007.329274},
  timestamp = {Sat, 16 Sep 2017 12:10:51 +0200},
  biburl    = {https://dblp.org/rec/bib/conf/apvis/BekosKS07},
  bibsource = {dblp computer science bibliography, https://dblp.org}
}

@inproceedings{DBLP:conf/fsttcs/BekosKPS06,
  author    = {Michael A. Bekos and
               Michael Kaufmann and
               Katerina Potika and
               Antonios Symvonis},
  editor    = {S. Arun{-}Kumar and
               Naveen Garg},
  title     = {Multi-stack Boundary Labeling Problems},
  booktitle = {{FSTTCS}},
  series    = {LNCS},
  volume    = {4337},
  pages     = {81--92},
  publisher = {Springer},
  year      = {2006},
  OPTurl       = {https://doi.org/10.1007/11944836\_10},
  doi       = {10.1007/11944836\_10},
  timestamp = {Wed, 14 Feb 2018 13:29:27 +0100},
  biburl    = {https://dblp.org/rec/bib/conf/fsttcs/BekosKPS06},
  bibsource = {dblp computer science bibliography, https://dblp.org}
}

@inproceedings{DBLP:conf/apvis/BekosKPS06,
  author    = {Michael A. Bekos and
               Michael Kaufmann and
               Katerina Potika and
               Antonios Symvonis},
  editor    = {Kazuo Misue and
               Kozo Sugiyama and
               Jiro Tanaka},
  title     = {Polygon labelling of minimum leader length},
  booktitle = {{APVIS}},
  series    = {{CRPIT}},
  volume    = {60},
  pages     = {15--21},
  publisher = {Australian Computer Society},
  year      = {2006},
  OPTurl       = {https://dl.acm.org/citation.cfm?id=1151906},
  timestamp = {Wed, 28 Nov 2018 12:57:16 +0100},
  biburl    = {https://dblp.org/rec/bib/conf/apvis/BekosKPS06},
  bibsource = {dblp computer science bibliography, https://dblp.org}
}

@inproceedings{DBLP:conf/pci/BekosKPS05,
  author    = {Michael A. Bekos and
               Michael Kaufmann and
               Katerina Potika and
               Antonios Symvonis},
  editor    = {Panayiotis Bozanis and
               Elias N. Houstis},
  title     = {Boundary Labelling of Optimal Total Leader Length},
  booktitle = {{PCI}},
  series    = {LNCS},
  volume    = {3746},
  pages     = {80--89},
  publisher = {Springer},
  year      = {2005},
  OPTurl       = {https://doi.org/10.1007/11573036\_8},
  doi       = {10.1007/11573036\_8},
  timestamp = {Sat, 16 Sep 2017 12:11:44 +0200},
  biburl    = {https://dblp.org/rec/bib/conf/pci/BekosKPS05},
  bibsource = {dblp computer science bibliography, https://dblp.org}
}

@inproceedings{DBLP:conf/gd/BekosKSW04,
  author    = {Michael A. Bekos and
               Michael Kaufmann and
               Antonios Symvonis and
               Alexander Wolff},
  editor    = {J{\'{a}}nos Pach},
  title     = {Boundary Labeling: Models and Efficient Algorithms for Rectangular
               Maps},
  booktitle = {{Graph Drawing}},
  series    = {LNCS},
  volume    = {3383},
  pages     = {49--59},
  publisher = {Springer},
  year      = {2004},
  OPTurl       = {https://doi.org/10.1007/978-3-540-31843-9\_7},
  doi       = {10.1007/978-3-540-31843-9\_7},
  timestamp = {Wed, 14 Nov 2018 10:57:16 +0100},
  biburl    = {https://dblp.org/rec/bib/conf/gd/BekosKSW04},
  bibsource = {dblp computer science bibliography, https://dblp.org}
}

@inproceedings{DBLP:conf/gd/BekosS05,
  author    = {Michael A. Bekos and
               Antonios Symvonis},
  editor    = {Patrick Healy and
               Nikola S. Nikolov},
  title     = {BLer: {A} Boundary Labeller for Technical Drawings},
  booktitle = {{Graph Drawing}},
  series    = {LNCS},
  volume    = {3843},
  pages     = {503--504},
  publisher = {Springer},
  year      = {2005}
}

@inproceedings{DBLP:conf/gd/ArgyriouBKS11,
  author    = {Evmorfia N. Argyriou and
               Michael A. Bekos and
               Michael Kaufmann and
               Antonios Symvonis},
  editor    = {Marc J. van Kreveld and
               Bettina Speckmann},
  title     = {Combining Problems on {RAC} Drawings and Simultaneous Graph Drawings},
  booktitle = {{Graph Drawing}},
  series    = {LNCS},
  volume    = {7034},
  pages     = {433--434},
  publisher = {Springer},
  year      = {2011}
}

@inproceedings{DBLP:conf/gd/BekosDKW14,
  author    = {Michael A. Bekos and
               Thomas C. van Dijk and
               Philipp Kindermann and
               Alexander Wolff},
  editor    = {Christian A. Duncan and
               Antonios Symvonis},
  title     = {Simultaneous Drawing of Planar Graphs with Right-Angle Crossings and
               Few Bends},
  booktitle = {{Graph Drawing and Network Visualization}},
  series    = {LNCS},
  volume    = {8871},
  pages     = {515--516},
  publisher = {Springer},
  year      = {2014}
}

@inproceedings{DBLP:conf/gd/AngeliniB0KS16,
  author    = {Patrizio Angelini and
               Michael A. Bekos and
               Michael Kaufmann and
               Philipp Kindermann and
               Thomas Schneck},
  editor    = {Fabrizio Frati and
               Kwan{-}Liu Ma},
  title     = {1-Fan-Bundle-Planar Drawings of Graphs},
  booktitle = {{Graph Drawing and Network Visualization}},
  series    = {LNCS},
  volume    = {9801},
  pages     = {634--636},
  publisher = {Springer},
  year      = {2016}
}

@inproceedings{DBLP:conf/gd/AngeliniBKS18,
  author    = {Patrizio Angelini and
               Michael A. Bekos and
               Michael Kaufmann and
               Thomas Schneck},
  editor    = {Therese C. Biedl and
               Andreas Kerren},
  title     = {Low-Degree Graphs Beyond Planarity},
  booktitle = {{Graph Drawing and Network Visualization}},
  series    = {LIPIcs},
  volume    = {11282},
  pages     = {630--633},
  publisher = {LNCS},
  year      = {2018}
}

@article{Bekos2019,
  author    = {Michael A. Bekos and
               Benjamin Niedermann  and
               Martin N{\"{o}}llenburg},
  title     = {External Labeling Techniques: A Taxonomy and Survey},
  journal   = {Comput. Graph. Forum (EuroVis 2019)},
  year      = {2019},
  note      = {To appear}
}

@inproceedings{Angelini2019,
  author    = {Patrizio Angelini and
               Michael A. Bekos and
               Martin Gronemann and
               Antonios Symvonis},
  editor    = {Ignasi Sau and
               Dimitrios M. Thilikos},
  title     = {Geometric Representations of Dichotomous Ordinal Data},
  booktitle = {{WG}},
  year      = {2019},
  note      = {To appear}
}

@phdthesis{thesis,
  author    = {Michael A. Bekos},
  title     = {Map Labeling Algorithms with Application in Graph Drawing and Cartography},
  school       = {School of Applied Mathematics and Physical Sciences, National Technical University of Athens, Greece},
  year      = {2008}
}
