% This file was created with JabRef 2.10b2.
% Encoding: ISO8859_1

% This file was created with JabRef 2.10.
% Encoding: Cp1253

@inproceedings{DBLP:conf/gd/WieseEK00,
  author    = {Roland Wiese and
               Markus Eiglsperger and
               Michael Kaufmann},
  title     = {{yFiles}: Visualization and Automatic Layout of Graphs},
  booktitle = {{Graph Drawing}},
  pages     = {453--454},
  year      = {2001},
  url       = {https://doi.org/10.1007/3-540-45848-4\_42},
  doi       = {10.1007/3-540-45848-4\_42},
  timestamp = {Fri, 26 May 2017 00:49:13 +0200},
  biburl    = {https://dblp.org/rec/bib/conf/gd/WieseEK00},
  bibsource = {dblp computer science bibliography, https://dblp.org}
}

@misc{bob,
  author = {{U.\ of Arizona, Dep.\ of Computer Science}},
  url    = {http://be.cs.arizona.edu}
}


