@article{constant,
  author     = {Vida Dujmovi{\'{c}} and
                Pat Morin and
                Gwen Joret and 
                Piotr Micek and 
                David Wood and
                Torsten Ueckerdt},
  title     = {Planar Graphs have Bounded Queue-Number},
  journal   = {CoRR},
  OPTurl       = {https://arxiv.org/pdf/1904.04791},  
  year      = {2019},
  archivePrefix = {arXiv},
  eprint    = {1904.04791}
}

@article{DBLP:journals/siamcomp/HeathR92,
  author    = {Lenwood S. Heath and
               Arnold L. Rosenberg},
  title     = {Laying out Graphs Using Queues},
  journal   = {{SIAM} J. Comput.},
  volume    = {21},
  number    = {5},
  pages     = {927--958},
  year      = {1992},
  OPTurl       = {https://doi.org/10.1137/0221055},
  doi       = {10.1137/0221055},
  timestamp = {Wed, 14 Nov 2018 10:45:06 +0100},
  biburl    = {https://dblp.org/rec/bib/journals/siamcomp/HeathR92},
  bibsource = {dblp computer science bibliography, https://dblp.org}
}

@article{DBLP:journals/dmtcs/DujmovicPW04,
  author    = {Vida Dujmovi{\'{c}} and
               Attila P{\'{o}}r and
               David R. Wood},
  title     = {Track Layouts of Graphs},
  journal   = {Discrete Mathematics {\&} Theoretical Computer Science},
  volume    = {6},
  number    = {2},
  pages     = {497--522},
  year      = {2004},
  OPTurl       = {http://dmtcs.episciences.org/315},
  eprint    = {http://dmtcs.episciences.org/315},
  timestamp = {Thu, 11 May 2017 14:15:04 +0200},
  biburl    = {https://dblp.org/rec/bib/journals/dmtcs/DujmovicPW04},
  bibsource = {dblp computer science bibliography, https://dblp.org}
}

@article{DBLP:journals/siamcomp/BattistaFP13,
  author    = {Giuseppe {Di Battista} and
               Fabrizio Frati and
               J{\'{a}}nos Pach},
  title     = {On the Queue Number of Planar Graphs},
  journal   = {{SIAM} J. Comput.},
  volume    = {42},
  number    = {6},
  pages     = {2243--2285},
  year      = {2013},
  OPTurl       = {https://doi.org/10.1137/130908051},
  doi       = {10.1137/130908051},
  timestamp = {Thu, 08 Jun 2017 08:59:24 +0200},
  biburl    = {https://dblp.org/rec/bib/journals/siamcomp/BattistaFP13},
  bibsource = {dblp computer science bibliography, https://dblp.org}
}

@article{DBLP:journals/corr/BannisterDDEW18,
  author    = {Michael J. Bannister and
               William E. Devanny and
               Vida Dujmovi{\'{c}} and
               David Eppstein and
               David R. Wood},
  title     = {Track Layouts, Layered Path Decompositions, and Leveled Planarity},
  journal   = {Algorithmica},
  OPTvolume    = {},
  OPTnumber    = {},
  year      = {2018},
  doi       = {10.1007/s00453-018-0487-5},
  OPTurl       = {https://doi.org/10.1007/s00453-018-0487-5},
  timestamp = {Mon, 13 Aug 2018 16:46:35 +0200},
  biburl    = {https://dblp.org/rec/bib/journals/corr/BannisterDDEW15},
  bibsource = {dblp computer science bibliography, https://dblp.org}
}

@article{DBLP:journals/dmtcs/DujmovicW05,
  author    = {Vida Dujmovi{\'{c}} and
               David R. Wood},
  title     = {Stacks, Queues and Tracks: Layouts of Graph Subdivisions},
  journal   = {Discrete Mathematics {\&} Theoretical Computer Science},
  volume    = {7},
  number    = {1},
  pages     = {155--202},
  year      = {2005},
  OPTurl       = {http://dmtcs.episciences.org/346},
  timestamp = {Thu, 11 May 2017 14:15:04 +0200},
  biburl    = {https://dblp.org/rec/bib/journals/dmtcs/DujmovicW05},
  bibsource = {dblp computer science bibliography, https://dblp.org}
}

@article{DBLP:journals/jct/DujmovicMW17,
  author    = {Vida Dujmovi{\'{c}} and
               Pat Morin and
               David R. Wood},
  title     = {Layered separators in minor-closed graph classes with applications},
  journal   = {J. Comb. Theory, Ser. {B}},
  volume    = {127},
  pages     = {111--147},
  year      = {2017},
  OPTurl       = {https://doi.org/10.1016/j.jctb.2017.05.006},
  doi       = {10.1016/j.jctb.2017.05.006},
  timestamp = {Fri, 30 Nov 2018 13:29:22 +0100},
  biburl    = {https://dblp.org/rec/bib/journals/jct/DujmovicMW17},
  bibsource = {dblp computer science bibliography, https://dblp.org}
}

@article{DBLP:journals/siamdm/HeathLR92,
  author    = {Lenwood S. Heath and
               Frank Thomson Leighton and
               Arnold L. Rosenberg},
  title     = {Comparing Queues and Stacks as Mechanisms for Laying out Graphs},
  journal   = {{SIAM} J. Discrete Math.},
  volume    = {5},
  number    = {3},
  pages     = {398--412},
  year      = {1992},
  OPTurl       = {https://doi.org/10.1137/0405031},
  doi       = {10.1137/0405031},
  timestamp = {Fri, 26 May 2017 22:54:47 +0200},
  biburl    = {https://dblp.org/rec/bib/journals/siamdm/HeathLR92},
  bibsource = {dblp computer science bibliography, https://dblp.org}
}

@inproceedings{DBLP:conf/fsttcs/Wood02,
  author    = {David R. Wood},
  editor    = {Manindra Agrawal and
               Anil Seth},
  title     = {Queue Layouts, Tree-Width, and Three-Dimensional Graph Drawing},
  booktitle = {{FST} {TCS}},
  series    = {LNCS},
  volume    = {2556},
  pages     = {348--359},
  publisher = {Springer},
  year      = {2002},
  OPTurl       = {https://doi.org/10.1007/3-540-36206-1\_31},
  doi       = {10.1007/3-540-36206-1\_31},
  timestamp = {Fri, 02 Jun 2017 20:50:52 +0200},
  biburl    = {https://dblp.org/rec/bib/conf/fsttcs/Wood02},
  bibsource = {dblp computer science bibliography, https://dblp.org}
}

@article{DBLP:journals/combinatorics/Wiechert17,
  author    = {Veit Wiechert},
  title     = {On the Queue-Number of Graphs with Bounded Tree-Width},
  journal   = {Electr. J. Comb.},
  volume    = {24},
  number    = {1},
  pages     = {P1.65},
  year      = {2017},
  OPTurl       = {http://www.combinatorics.org/ojs/index.php/eljc/article/view/v24i1p65},
  timestamp = {Mon, 24 Apr 2017 19:16:37 +0200},
  biburl    = {https://dblp.org/rec/bib/journals/combinatorics/Wiechert17},
  bibsource = {dblp computer science bibliography, https://dblp.org}
}

@article{DBLP:journals/siamcomp/DujmovicMW05,
  author    = {Vida Dujmovi{\'{c}} and
               Pat Morin and
               David R. Wood},
  title     = {Layout of Graphs with Bounded Tree-Width},
  journal   = {{SIAM} J. Comput.},
  volume    = {34},
  number    = {3},
  pages     = {553--579},
  year      = {2005},
  OPTurl       = {https://doi.org/10.1137/S0097539702416141},
  doi       = {10.1137/S0097539702416141},
  timestamp = {Wed, 14 Jun 2017 20:29:47 +0200},
  biburl    = {https://dblp.org/rec/bib/journals/siamcomp/DujmovicMW05},
  bibsource = {dblp computer science bibliography, https://dblp.org}
}

@inproceedings{DBLP:conf/gd/GiacomoM03,
  author    = {Emilio {Di Giacomo} and
               Henk Meijer},
  editor    = {Giuseppe Liotta},
  title     = {Track Drawings of Graphs with Constant Queue Number},
  booktitle = {{Graph Drawing}},
  series    = {LNCS},
  volume    = {2912},
  pages     = {214--225},
  publisher = {Springer},
  year      = {2003},
  OPTurl       = {https://doi.org/10.1007/978-3-540-24595-7\_20},
  doi       = {10.1007/978-3-540-24595-7\_20},
  timestamp = {Fri, 02 Jun 2017 20:48:37 +0200},
  biburl    = {https://dblp.org/rec/bib/conf/gd/GiacomoM03},
  bibsource = {dblp computer science bibliography, https://dblp.org}
}

@article{DBLP:journals/jpdc/BhattCLR96,
  author    = {Sandeep N. Bhatt and
               Fan R. K. Chung and
               Frank Thomson Leighton and
               Arnold L. Rosenberg},
  title     = {Scheduling Tree-Dags Using {FIFO} Queues: {A} Control-Memory Trade-Off},
  journal   = {J. Parallel Distrib. Comput.},
  volume    = {33},
  number    = {1},
  pages     = {55--68},
  year      = {1996},
  OPTurl       = {https://doi.org/10.1006/jpdc.1996.0024},
  doi       = {10.1006/jpdc.1996.0024},
  timestamp = {Fri, 26 May 2017 22:51:57 +0200},
  biburl    = {https://dblp.org/rec/bib/journals/jpdc/BhattCLR96},
  bibsource = {dblp computer science bibliography, https://dblp.org}
}

@article{DBLP:journals/jgaa/FelsnerLW03,
  author    = {Stefan Felsner and
               Giuseppe Liotta and
               Stephen K. Wismath},
  title     = {Straight-Line Drawings on Restricted Integer Grids in Two and Three
               Dimensions},
  journal   = {J. Graph Algorithms Appl.},
  volume    = {7},
  number    = {4},
  pages     = {363--398},
  year      = {2003},
  OPTurl       = {http://dx.doi.org/10.7155/jgaa.00075},
  doi       = {10.7155/jgaa.00075},
  timestamp = {Tue, 05 Apr 2005 10:10:12 +0200},
  biburl    = {https://dblp.org/rec/bib/journals/jgaa/FelsnerLW03},
  bibsource = {dblp computer science bibliography, https://dblp.org}
}

@article{DBLP:journals/jcss/FredmanW93,
  author    = {Michael L. Fredman and
               Dan E. Willard},
  title     = {Surpassing the Information Theoretic Bound with Fusion Trees},
  journal   = {J. Comput. Syst. Sci.},
  volume    = {47},
  number    = {3},
  pages     = {424--436},
  year      = {1993},
  OPTurl       = {https://doi.org/10.1016/0022-0000(93)90040-4},
  doi       = {10.1016/0022-0000(93)90040-4},
  timestamp = {Sat, 20 May 2017 00:25:55 +0200},
  biburl    = {https://dblp.org/rec/bib/journals/jcss/FredmanW93},
  bibsource = {dblp computer science bibliography, https://dblp.org}
}

@article{DBLP:journals/dmtcs/Wood08,
  author    = {David R. Wood},
  title     = {Bounded-Degree Graphs have Arbitrarily Large Queue-Number},
  journal   = {Discrete Math. Theor. Comput. Sci.},
  volume    = {10},
  number    = {1},
  year      = {2008},
  OPTurl       = {https://dmtcs.episciences.org/434},
  eprint    = {https://dmtcs.episciences.org/434},
  timestamp = {Thu, 11 May 2017 14:15:03 +0200},
  biburl    = {https://dblp.org/rec/bib/journals/dmtcs/Wood08},
  bibsource = {dblp computer science bibliography, https://dblp.org}
}

@article{DBLP:journals/infproja/Imamiya77,
  author    = {A. Imamiya and A. Nozaki},
  title     = {Generating and sorting permutations using restricted deques},
  journal   = {Information Processing in Japan},
  volume    = {17},
  number    = {1},
  pages     = {1128--1134},
  year      = {1977}
}

@inproceedings{DBLP:conf/gd/Pupyrev17,
  author    = {Sergey Pupyrev},
  editor    = {Fabrizio Frati and
               Kwan{-}Liu Ma},
  title     = {Mixed Linear Layouts of Planar Graphs},
  booktitle = {{Graph Drawing and Network Visualization}},
  series    = {LNCS},
  volume    = {10692},
  pages     = {197--209},
  publisher = {Springer},
  year      = {2017},
  OPTurl       = {https://doi.org/10.1007/978-3-319-73915-1\_17},
  doi       = {10.1007/978-3-319-73915-1\_17},
  timestamp = {Wed, 21 Feb 2018 12:53:44 +0100},
  biburl    = {https://dblp.org/rec/bib/conf/gd/Pupyrev17},
  bibsource = {dblp computer science bibliography, https://dblp.org}
}

@misc{Ganley95,
    author = {Joseph L. Ganley},
    title = {Stack and Queue Layouts of {H}alin Graphs},
    year = {1995},
    note = {Manuscript}
}

@phdthesis{Pem92,
    title  = {Exploring the powers of stacks and queues via graph layouts},
    author = {Sriram V. Pemmaraju},
    year   = {1992},
    school = {Virginia Tech}
}


