% This file was created with JabRef 2.10b2.
% Encoding: ISO8859_1

% This file was created with JabRef 2.10.
% Encoding: Cp1253

@article{DBLP:journals/jct/BernhartK79,
  author    = {Frank Bernhart and
               Paul C. Kainen},
  title     = {The book thickness of a graph},
  journal   = {J. Comb. Theory, Ser. {B}},
  volume    = {27},
  number    = {3},
  pages     = {320--331},
  year      = {1979},
  OPTurl       = {https://doi.org/10.1016/0095-8956(79)90021-2},
  doi       = {10.1016/0095-8956(79)90021-2},
  timestamp = {Wed, 14 Nov 2018 10:50:06 +0100},
  biburl    = {https://dblp.org/rec/bib/journals/jct/BernhartK79},
  bibsource = {dblp computer science bibliography, https://dblp.org}
}

@article{DBLP:journals/dcg/DujmovicW07,
  author    = {Vida Dujmovi{\'{c}} and
               David R. Wood},
  title     = {Graph Treewidth and Geometric Thickness Parameters},
  journal   = {Discrete {\&} Computational Geometry},
  volume    = {37},
  number    = {4},
  pages     = {641--670},
  year      = {2007},
  OPTurl       = {https://doi.org/10.1007/s00454-007-1318-7},
  doi       = {10.1007/s00454-007-1318-7},
  timestamp = {Wed, 14 Nov 2018 10:41:20 +0100},
  biburl    = {https://dblp.org/rec/bib/journals/dcg/DujmovicW07},
  bibsource = {dblp computer science bibliography, https://dblp.org}
}

@inproceedings{DBLP:conf/stoc/BussS84,
  author    = {Jonathan F. Buss and
               Peter W. Shor},
  editor    = {Richard A. DeMillo},
  title     = {On the Pagenumber of Planar Graphs},
  booktitle = {{ACM} Symposium on Theory of Computing},
  pages     = {98--100},
  publisher = {{ACM}},
  year      = {1984},
  OPTurl       = {http://doi.acm.org/10.1145/800057.808670},
  doi       = {10.1145/800057.808670},
  timestamp = {Mon, 17 Oct 2011 17:25:06 +0200},
  biburl    = {http://dblp.org/rec/bib/conf/stoc/BussS84},
  bibsource = {dblp computer science bibliography, http://dblp.org}
}

@article{DBLP:journals/dmtcs/DujmovicW04,
  author    = {Vida Dujmovi{\'{c}} and
               David R. Wood},
  title     = {On Linear Layouts of Graphs},
  journal   = {Discrete Mathematics {\&} Theoretical Computer Science},
  volume    = {6},
  number    = {2},
  pages     = {339--358},
  year      = {2004},
  OPTurl       = {http://dmtcs.episciences.org/317},
  timestamp = {Thu, 11 May 2017 14:15:04 +0200},
  biburl    = {http://dblp.org/rec/bib/journals/dmtcs/DujmovicW04},
  bibsource = {dblp computer science bibliography, http://dblp.org}
}

@inproceedings{DBLP:conf/focs/Heath84,
  author    = {Lenwood S. Heath},
  title     = {Embedding Planar Graphs in Seven Pages},
  booktitle = {{FOCS}},
  pages     = {74--83},
  publisher = {{IEEE} Computer Society},
  year      = {1984},
  OPTurl       = {https://doi.org/10.1109/SFCS.1984.715903},
  doi       = {10.1109/SFCS.1984.715903},
  timestamp = {Wed, 14 Nov 2018 10:55:00 +0100},
  biburl    = {https://dblp.org/rec/bib/conf/focs/Heath84},
  bibsource = {dblp computer science bibliography, https://dblp.org}
}

@article{DBLP:journals/dam/GanleyH01,
  author    = {Joseph L. Ganley and
               Lenwood S. Heath},
  title     = {The pagenumber of $k$-trees is {$O(k)$}},
  journal   = {Discrete Applied Mathematics},
  volume    = {109},
  number    = {3},
  pages     = {215--221},
  year      = {2001},
  OPTurl       = {https://doi.org/10.1016/S0166-218X(00)00178-5},
  doi       = {10.1016/S0166-218X(00)00178-5},
  timestamp = {Wed, 14 Nov 2018 10:33:02 +0100},
  biburl    = {https://dblp.org/rec/bib/journals/dam/GanleyH01},
  bibsource = {dblp computer science bibliography, https://dblp.org}
}

@article{DBLP:journals/jal/Malitz94,
  author    = {Seth M. Malitz},
  title     = {Graphs with {E} Edges Have Pagenumber {$O(\sqrt{E})$}},
  journal   = {J. Algorithms},
  volume    = {17},
  number    = {1},
  pages     = {71--84},
  year      = {1994},
  OPTurl       = {https://doi.org/10.1006/jagm.1994.1027},
  doi       = {10.1006/jagm.1994.1027},
  timestamp = {Wed, 14 Nov 2018 10:27:34 +0100},
  biburl    = {https://dblp.org/rec/bib/journals/jal/Malitz94},
  bibsource = {dblp computer science bibliography, https://dblp.org}
}

@article{DBLP:journals/jal/Malitz94a,
  author    = {Seth M. Malitz},
  title     = {Genus $g$ Graphs Have Pagenumber {$O(\sqrt{q})$}},
  journal   = {J. Algorithms},
  volume    = {17},
  number    = {1},
  pages     = {85--109},
  year      = {1994},
  OPTurl       = {https://doi.org/10.1006/jagm.1994.1028},
  doi       = {10.1006/jagm.1994.1028},
  timestamp = {Wed, 14 Nov 2018 10:27:34 +0100},
  biburl    = {https://dblp.org/rec/bib/journals/jal/Malitz94a},
  bibsource = {dblp computer science bibliography, https://dblp.org}
}

@book{DBLP:books/daglib/0030491,
  author    = {Jaroslav Nesetril and
               Patrice Ossona de Mendez},
  title     = {Sparsity - Graphs, Structures, and Algorithms},
  series    = {Algorithms and combinatorics},
  volume    = {28},
  publisher = {Springer},
  year      = {2012},
  OPTurl       = {https://doi.org/10.1007/978-3-642-27875-4},
  doi       = {10.1007/978-3-642-27875-4},
  isbn      = {978-3-642-27874-7},
  timestamp = {Wed, 14 Nov 2018 10:12:21 +0100},
  biburl    = {https://dblp.org/rec/bib/books/daglib/0030491},
  bibsource = {dblp computer science bibliography, https://dblp.org}
}

@article{DBLP:journals/jcss/Yannakakis89,
  author    = {Mihalis Yannakakis},
  title     = {Embedding Planar Graphs in Four Pages},
  journal   = {J. Comput. Syst. Sci.},
  volume    = {38},
  number    = {1},
  pages     = {36--67},
  year      = {1989},
  OPTurl       = {https://doi.org/10.1016/0022-0000(89)90032-9},
  doi       = {10.1016/0022-0000(89)90032-9},
  timestamp = {Wed, 14 Nov 2018 10:33:58 +0100},
  biburl    = {https://dblp.org/rec/bib/journals/jcss/Yannakakis89},
  bibsource = {dblp computer science bibliography, https://dblp.org}
}

@inproceedings{DBLP:conf/stoc/Yannakakis86,
  author    = {Mihalis Yannakakis},
  editor    = {Juris Hartmanis},
  title     = {Four Pages are Necessary and Sufficient for Planar Graphs (Extended
               Abstract)},
  booktitle = {{ACM} Symposium on Theory of Computing},
  pages     = {104--108},
  publisher = {{ACM}},
  year      = {1986},
  OPTurl       = {https://doi.org/10.1145/12130.12141},
  doi       = {10.1145/12130.12141},
  timestamp = {Wed, 14 Nov 2018 10:51:37 +0100},
  biburl    = {https://dblp.org/rec/bib/conf/stoc/Yannakakis86},
  bibsource = {dblp computer science bibliography, https://dblp.org}
}

@inproceedings{DBLP:conf/stoc/Pratt73,
  author    = {Vaughan R. Pratt},
  editor    = {Alfred V. Aho and
               Allan Borodin and
               Robert L. Constable and
               Robert W. Floyd and
               Michael A. Harrison and
               Richard M. Karp and
               H. Raymond Strong},
  title     = {Computing Permutations with Double-Ended Queues, Parallel Stacks and
               Parallel Queues},
  booktitle = {{ACM} Symposium on Theory of Computing},
  pages     = {268--277},
  publisher = {{ACM}},
  year      = {1973},
  OPTurl       = {https://doi.org/10.1145/800125.804058},
  doi       = {10.1145/800125.804058},
  timestamp = {Tue, 06 Nov 2018 11:07:06 +0100},
  biburl    = {https://dblp.org/rec/bib/conf/stoc/Pratt73},
  bibsource = {dblp computer science bibliography, https://dblp.org}
}

@article{DBLP:journals/jacm/Tarjan72,
  author    = {Robert Endre Tarjan},
  title     = {Sorting Using Networks of Queues and Stacks},
  journal   = {J. {ACM}},
  volume    = {19},
  number    = {2},
  pages     = {341--346},
  year      = {1972},
  OPTurl       = {https://doi.org/10.1145/321694.321704},
  doi       = {10.1145/321694.321704},
  timestamp = {Tue, 06 Nov 2018 12:51:46 +0100},
  biburl    = {https://dblp.org/rec/bib/journals/jacm/Tarjan72},
  bibsource = {dblp computer science bibliography, https://dblp.org}
}

@article{DBLP:journals/appml/KainenO07,
  author    = {Paul C. Kainen and
               Shannon Overbay},
  title     = {Extension of a theorem of Whitney},
  journal   = {Appl. Math. Lett.},
  volume    = {20},
  number    = {7},
  pages     = {835--837},
  year      = {2007},
  OPTurl       = {https://doi.org/10.1016/j.aml.2006.08.019},
  doi       = {10.1016/j.aml.2006.08.019},
  timestamp = {Fri, 26 May 2017 22:54:03 +0200},
  biburl    = {https://dblp.org/rec/bib/journals/appml/KainenO07},
  bibsource = {dblp computer science bibliography, https://dblp.org}
}

@article{DBLP:journals/mp/CornuejolsNP83,
  author    = {G{\'{e}}rard Cornu{\'{e}}jols and
               Denis Naddef and
               William R. Pulleyblank},
  title     = {Halin graphs and the travelling salesman problem},
  journal   = {Math. Program.},
  volume    = {26},
  number    = {3},
  pages     = {287--294},
  year      = {1983},
  OPTurl       = {https://doi.org/10.1007/BF02591867},
  doi       = {10.1007/BF02591867},
  timestamp = {Sat, 27 May 2017 14:25:32 +0200},
  biburl    = {https://dblp.org/rec/bib/journals/mp/CornuejolsNP83},
  bibsource = {dblp computer science bibliography, https://dblp.org}
}

@inproceedings{DBLP:conf/cocoon/RengarajanM95,
  author    = {S. Rengarajan and
               C. E. Veni Madhavan},
  editor    = {Ding{-}Zhu Du and
               Ming Li},
  title     = {Stack and Queue Number of 2-Trees},
  booktitle = {{COCOON}},
  series    = {LNCS},
  volume    = {959},
  pages     = {203--212},
  publisher = {Springer},
  year      = {1995},
  OPTurl       = {https://doi.org/10.1007/BFb0030834},
  doi       = {10.1007/BFb0030834},
  timestamp = {Sat, 20 May 2017 15:32:52 +0200},
  biburl    = {https://dblp.org/rec/bib/conf/cocoon/RengarajanM95},
  bibsource = {dblp computer science bibliography, https://dblp.org}
}

@article{DBLP:journals/dcg/FraysseixMP95,
  author    = {Hubert de Fraysseix and
               Patrice Ossona de Mendez and
               J{\'{a}}nos Pach},
  title     = {A Left-First Search Algorithm for Planar Graphs},
  journal   = {Discrete {\&} Computational Geometry},
  volume    = {13},
  pages     = {459--468},
  year      = {1995},
  OPTurl       = {https://doi.org/10.1007/BF02574056},
  doi       = {10.1007/BF02574056},
  timestamp = {Tue, 26 Jun 2018 14:09:51 +0200},
  biburl    = {https://dblp.org/rec/bib/journals/dcg/FraysseixMP95},
  bibsource = {dblp computer science bibliography, https://dblp.org}
}

@inproceedings{DBLP:conf/birthday/HarjuI01,
  author    = {Tero Harju and
               Lucian Ilie},
  editor    = {Carlos Mart{\'{\i}}n{-}Vide and
               Victor Mitrana},
  title     = {Forbidden subsequences and permutations sortable on two parallel stacks},
  booktitle = {Where Mathematics, Computer Science, Linguistics and Biology Meet:
               Essays in Honour of Gheorghe Paun.},
  pages     = {267--275},
  publisher = {Kluwer Academic Publishers},
  year      = {2001},
  timestamp = {Fri, 09 Dec 2011 11:06:16 +0100},
  biburl    = {https://dblp.org/rec/bib/conf/birthday/HarjuI01},
  bibsource = {dblp computer science bibliography, https://dblp.org}
}

@article{DBLP:journals/tc/Rosenberg83,
  author    = {Arnold L. Rosenberg},
  title     = {The Diogenes Approach to Testable Fault-Tolerant Arrays of Processors},
  journal   = {{IEEE} Trans. Computers},
  volume    = {32},
  number    = {10},
  pages     = {902--910},
  year      = {1983},
  OPTurl       = {https://doi.org/10.1109/TC.1983.1676134},
  doi       = {10.1109/TC.1983.1676134},
  timestamp = {Sat, 20 May 2017 00:24:34 +0200},
  biburl    = {https://dblp.org/rec/bib/journals/tc/Rosenberg83},
  bibsource = {dblp computer science bibliography, https://dblp.org}
}

@inproceedings{DBLP:conf/awoc/Rosenberg86,
  author    = {Arnold L. Rosenberg},
  editor    = {Fillia Makedon and
               Kurt Mehlhorn and
               Theodore S. Papatheodorou and
               Paul G. Spirakis},
  title     = {Diogenes, Circa 1986},
  booktitle = {{VLSI}},
  series    = {LNCS},
  volume    = {227},
  pages     = {96--107},
  publisher = {Springer},
  year      = {1986},
  OPTurl       = {https://doi.org/10.1007/3-540-16766-8\_9},
  doi       = {10.1007/3-540-16766-8\_9},
  timestamp = {Fri, 19 May 2017 12:26:21 +0200},
  biburl    = {https://dblp.org/rec/bib/conf/awoc/Rosenberg86},
  bibsource = {dblp computer science bibliography, https://dblp.org}
}

@article{DBLP:journals/combinatorica/GalilKS89,
  author    = {Zvi Galil and
               Ravi Kannan and
               Endre Szemer{\'{e}}di},
  title     = {On 3-pushdown graphs with large separators},
  journal   = {Combinatorica},
  volume    = {9},
  number    = {1},
  pages     = {9--19},
  year      = {1989},
  OPTurl       = {https://doi.org/10.1007/BF02122679},
  doi       = {10.1007/BF02122679},
  timestamp = {Wed, 14 Nov 2018 10:24:12 +0100},
  biburl    = {https://dblp.org/rec/bib/journals/combinatorica/GalilKS89},
  bibsource = {dblp computer science bibliography, https://dblp.org}
}

@article{DBLP:journals/jal/Wood02,
  author    = {David R. Wood},
  title     = {Degree constrained book embeddings},
  journal   = {J. Algorithms},
  volume    = {45},
  number    = {2},
  pages     = {144--154},
  year      = {2002},
  OPTurl       = {https://doi.org/10.1016/S0196-6774(02)00249-3},
  doi       = {10.1016/S0196-6774(02)00249-3},
  timestamp = {Fri, 02 Nov 2018 09:29:46 +0100},
  biburl    = {https://dblp.org/rec/bib/journals/jal/Wood02},
  bibsource = {dblp computer science bibliography, https://dblp.org}
}

@article{DBLP:journals/jgaa/BiedlSWW99,
  author    = {Therese C. Biedl and
               Thomas C. Shermer and
               Sue Whitesides and
               Stephen K. Wismath},
  title     = {Bounds for Orthogonal {3D} Graph Drawing},
  journal   = {J. Graph Algorithms Appl.},
  volume    = {3},
  number    = {4},
  pages     = {63--79},
  year      = {1999},
  OPTurl       = {http://dx.doi.org/10.7155/jgaa.00018},
  doi       = {10.7155/jgaa.00018},
  timestamp = {Fri, 19 Mar 2004 13:31:14 +0100},
  biburl    = {https://dblp.org/rec/bib/journals/jgaa/BiedlSWW99},
  bibsource = {dblp computer science bibliography, https://dblp.org}
}

@inproceedings{DBLP:conf/gd/Wood01,
  author    = {David R. Wood},
  editor    = {Petra Mutzel and
               Michael J{\"{u}}nger and
               Sebastian Leipert},
  title     = {Bounded Degree Book Embeddings and Three-Dimensional Orthogonal Graph
               Drawing},
  booktitle = {{Graph Drawing}},
  series    = {LNCS},
  volume    = {2265},
  pages     = {312--327},
  publisher = {Springer},
  year      = {2001},
  OPTurl       = {https://doi.org/10.1007/3-540-45848-4\_25},
  doi       = {10.1007/3-540-45848-4\_25},
  timestamp = {Wed, 14 Nov 2018 10:57:17 +0100},
  biburl    = {https://dblp.org/rec/bib/conf/gd/Wood01},
  bibsource = {dblp computer science bibliography, https://dblp.org}
}

@inproceedings{DBLP:conf/wg/GiacomoDLW03,
  author    = {Emilio {Di Giacomo} and
               Walter Didimo and
               Giuseppe Liotta and
               Stephen K. Wismath},
  editor    = {Hans L. Bodlaender},
  title     = {Drawing Planar Graphs on a Curve},
  booktitle = {Graph-Theoretic Concepts in Computer Science},
  series    = {LNCS},
  volume    = {2880},
  pages     = {192--204},
  publisher = {Springer},
  year      = {2003},
  OPTurl       = {https://doi.org/10.1007/978-3-540-39890-5\_17},
  doi       = {10.1007/978-3-540-39890-5\_17},
  timestamp = {Mon, 05 Jun 2017 12:39:08 +0200},
  biburl    = {https://dblp.org/rec/bib/conf/wg/GiacomoDLW03},
  bibsource = {dblp computer science bibliography, https://dblp.org}
}

@inproceedings{DBLP:conf/icalp/GavoilleH99,
  author    = {Cyril Gavoille and
               Nicolas Hanusse},
  editor    = {Jir{\'{\i}} Wiedermann and
               Peter van Emde Boas and
               Mogens Nielsen},
  title     = {Compact Routing Tables for Graphs of Bounded Genus},
  booktitle = {International Colloquium on Automata, Languages and Programming},
  series    = {LNCS},
  volume    = {1644},
  pages     = {351--360},
  publisher = {Springer},
  year      = {1999},
  OPTurl       = {https://doi.org/10.1007/3-540-48523-6\_32},
  doi       = {10.1007/3-540-48523-6\_32},
  timestamp = {Wed, 14 Nov 2018 11:00:14 +0100},
  biburl    = {https://dblp.org/rec/bib/conf/icalp/GavoilleH99},
  bibsource = {dblp computer science bibliography, https://dblp.org}
}

@article{DBLP:journals/siamcomp/MunroR01,
  author    = {J. Ian Munro and
               Venkatesh Raman},
  title     = {Succinct Representation of Balanced Parentheses and Static Trees},
  journal   = {{SIAM} J. Comput.},
  volume    = {31},
  number    = {3},
  pages     = {762--776},
  year      = {2001},
  OPTurl       = {https://doi.org/10.1137/S0097539799364092},
  doi       = {10.1137/S0097539799364092},
  timestamp = {Sat, 27 May 2017 14:22:58 +0200},
  biburl    = {https://dblp.org/rec/bib/journals/siamcomp/MunroR01},
  bibsource = {dblp computer science bibliography, https://dblp.org}
}

@inproceedings{DBLP:conf/focs/Jacobson89,
  author    = {Guy Jacobson},
  title     = {Space-efficient Static Trees and Graphs},
  booktitle = {Symposium on Foundations of Computer Science},
  pages     = {549--554},
  publisher = {{IEEE} Computer Society},
  year      = {1989},
  OPTurl       = {https://doi.org/10.1109/SFCS.1989.63533},
  doi       = {10.1109/SFCS.1989.63533},
  timestamp = {Wed, 14 Nov 2018 10:55:01 +0100},
  biburl    = {https://dblp.org/rec/bib/conf/focs/Jacobson89},
  bibsource = {dblp computer science bibliography, https://dblp.org}
}

@article{DBLP:journals/iandc/Kannan85,
  author    = {Ravi Kannan},
  title     = {Unraveling k-page graphs},
  journal   = {Information and Control},
  volume    = {66},
  number    = {1/2},
  pages     = {1--5},
  year      = {1985},
  OPTurl       = {https://doi.org/10.1016/S0019-9958(85)80008-5},
  doi       = {10.1016/S0019-9958(85)80008-5},
  timestamp = {Thu, 18 May 2017 09:54:17 +0200},
  biburl    = {https://dblp.org/rec/bib/journals/iandc/Kannan85},
  bibsource = {dblp computer science bibliography, https://dblp.org}
}

@article{DBLP:journals/jcss/GalilKS89,
  author    = {Zvi Galil and
               Ravi Kannan and
               Endre Szemer{\'{e}}di},
  title     = {On Nontrivial Separators for k-Page Graphs and Simulations by Nondeterministic
               One-Tape Turing Machines},
  journal   = {J. Comput. Syst. Sci.},
  volume    = {38},
  number    = {1},
  pages     = {134--149},
  year      = {1989},
  OPTurl       = {https://doi.org/10.1016/0022-0000(89)90036-6},
  doi       = {10.1016/0022-0000(89)90036-6},
  timestamp = {Wed, 14 Nov 2018 10:33:58 +0100},
  biburl    = {https://dblp.org/rec/bib/journals/jcss/GalilKS89},
  bibsource = {dblp computer science bibliography, https://dblp.org}
}

@article{DBLP:journals/corr/AlamBK15,
  author    = {Md. Jawaherul Alam and
               Franz J. Brandenburg and
               Stephen G. Kobourov},
  title     = {On the Book Thickness of 1-Planar Graphs},
  journal   = {CoRR},
  volume    = {abs/1510.05891},
  year      = {2015},
  OPTurl       = {http://arxiv.org/abs/1510.05891},
  archivePrefix = {arXiv},
  eprint    = {http://arxiv.org/abs/1510.05891},
  timestamp = {Mon, 13 Aug 2018 16:46:20 +0200},
  biburl    = {https://dblp.org/rec/bib/journals/corr/AlamBK15},
  bibsource = {dblp computer science bibliography, https://dblp.org}
}

@article{DBLP:journals/ejc/BinucciGHL18,
  author    = {Carla Binucci and
               Emilio Di Giacomo and
               Md. Iqbal Hossain and
               Giuseppe Liotta},
  title     = {1-page and 2-page drawings with bounded number of crossings per edge},
  journal   = {Eur. J. Comb.},
  volume    = {68},
  pages     = {24--37},
  year      = {2018},
  OPTurl       = {https://doi.org/10.1016/j.ejc.2017.07.009},
  doi       = {10.1016/j.ejc.2017.07.009},
  timestamp = {Mon, 18 Mar 2019 11:36:02 +0100},
  biburl    = {https://dblp.org/rec/bib/journals/ejc/BinucciGHL18},
  bibsource = {dblp computer science bibliography, https://dblp.org}
}

@inproceedings{DBLP:conf/gd/BannisterES13,
  author    = {Michael J. Bannister and
               David Eppstein and
               Joseph A. Simons},
  editor    = {Stephen K. Wismath and
               Alexander Wolff},
  title     = {Fixed Parameter Tractability of Crossing Minimization of Almost-Trees},
  booktitle = {{Graph Drawing}},
  series    = {LNCS},
  volume    = {8242},
  pages     = {340--351},
  publisher = {Springer},
  year      = {2013},
  OPTurl       = {https://doi.org/10.1007/978-3-319-03841-4\_30},
  doi       = {10.1007/978-3-319-03841-4\_30},
  timestamp = {Wed, 14 Nov 2018 10:57:17 +0100},
  biburl    = {https://dblp.org/rec/bib/conf/gd/BannisterES13},
  bibsource = {dblp computer science bibliography, https://dblp.org}
}

@article{DBLP:journals/jgaa/BannisterE18,
  author    = {Michael J. Bannister and
               David Eppstein},
  title     = {Crossing Minimization for 1-page and 2-page Drawings of Graphs with
               Bounded Treewidth},
  journal   = {J. Graph Algorithms Appl.},
  volume    = {22},
  number    = {4},
  pages     = {577--606},
  year      = {2018},
  OPTurl       = {https://doi.org/10.7155/jgaa.00479},
  doi       = {10.7155/jgaa.00479},
  timestamp = {Tue, 15 Jan 2019 17:06:13 +0100},
  biburl    = {https://dblp.org/rec/bib/journals/jgaa/BannisterE18},
  bibsource = {dblp computer science bibliography, https://dblp.org}
}

@article{DBLP:journals/dcg/AbregoAFRS13,
  author    = {Bernardo M. {\'{A}}brego and
               Oswin Aichholzer and
               Silvia Fern{\'{a}}ndez{-}Merchant and
               Pedro Ramos and
               Gelasio Salazar},
  title     = {The 2-Page Crossing Number of {K\({}_{\mbox{n}}\)}},
  journal   = {Discrete {\&} Computational Geometry},
  volume    = {49},
  number    = {4},
  pages     = {747--777},
  year      = {2013},
  OPTurl       = {https://doi.org/10.1007/s00454-013-9514-0},
  doi       = {10.1007/s00454-013-9514-0},
  timestamp = {Tue, 26 Jun 2018 14:09:53 +0200},
  biburl    = {https://dblp.org/rec/bib/journals/dcg/AbregoAFRS13},
  bibsource = {dblp computer science bibliography, https://dblp.org}
}

@article{DBLP:journals/jgaa/DujmovicF18,
  author    = {Vida Dujmovi{\'{c}} and
               Fabrizio Frati},
  title     = {Stack and Queue Layouts via Layered Separators},
  journal   = {J. Graph Algorithms Appl.},
  volume    = {22},
  number    = {1},
  pages     = {89--99},
  year      = {2018},
  OPTurl       = {https://doi.org/10.7155/jgaa.00454},
  doi       = {10.7155/jgaa.00454},
  timestamp = {Wed, 28 Mar 2018 12:00:17 +0200},
  biburl    = {https://dblp.org/rec/bib/journals/jgaa/DujmovicF18},
  bibsource = {dblp computer science bibliography, https://dblp.org}
}

@inproceedings{DBLP:conf/gd/ChimaniZ12,
  author    = {Markus Chimani and
               Robert Zeranski},
  editor    = {Walter Didimo and
               Maurizio Patrignani},
  title     = {Upward Planarity Testing via {SAT}},
  booktitle = {{Graph Drawing}}},
  series    = {LNCS},
  volume    = {7704},
  pages     = {248--259},
  publisher = {Springer},
  year      = {2012},
  url       = {https://doi.org/10.1007/978-3-642-36763-2\_22},
  doi       = {10.1007/978-3-642-36763-2\_22},
  timestamp = {Tue, 14 May 2019 10:00:39 +0200},
  biburl    = {https://dblp.org/rec/bib/conf/gd/ChimaniZ12},
  bibsource = {dblp computer science bibliography, https://dblp.org}
}

@inproceedings{DBLP:conf/gd/GangeSM10,
  author    = {Graeme Gange and
               Peter J. Stuckey and
               Kim Marriott},
  editor    = {Ulrik Brandes and
               Sabine Cornelsen},
  title     = {Optimal \emph{k}-Level Planarization and Crossing Minimization},
  booktitle = {{Graph Drawing}},
  series    = {LNCS},
  volume    = {6502},
  pages     = {238--249},
  publisher = {Springer},
  year      = {2010},
  url       = {https://doi.org/10.1007/978-3-642-18469-7\_22},
  doi       = {10.1007/978-3-642-18469-7\_22},
  timestamp = {Tue, 14 May 2019 10:00:39 +0200},
  biburl    = {https://dblp.org/rec/bib/conf/gd/GangeSM10},
  bibsource = {dblp computer science bibliography, https://dblp.org}
}

@inproceedings{DBLP:conf/gd/BiedlBNNPR13,
  author    = {Therese C. Biedl and
               Thomas Bl{\"{a}}sius and
               Benjamin Niedermann and
               Martin N{\"{o}}llenburg and
               Roman Prutkin and
               Ignaz Rutter},
  editor    = {Stephen K. Wismath and
               Alexander Wolff},
  title     = {Using {ILP/SAT} to Determine Pathwidth, Visibility Representations,
               and other Grid-Based Graph Drawings},
  booktitle = {{Graph Drawing}},
  series    = {LNCS},
  volume    = {8242},
  pages     = {460--471},
  publisher = {Springer},
  year      = {2013},
  url       = {https://doi.org/10.1007/978-3-319-03841-4\_40},
  doi       = {10.1007/978-3-319-03841-4\_40},
  timestamp = {Sun, 02 Jun 2019 21:20:12 +0200},
  biburl    = {https://dblp.org/rec/bib/conf/gd/BiedlBNNPR13},
  bibsource = {dblp computer science bibliography, https://dblp.org}
}

@article{DBLP:journals/corr/GuanY2018,
  author    = {Xiaxia Guan and Weihua Yang},
  title     = {Embedding 5-planar graphs in three pages},
  journal   = {CoRR},
  volume    = {1801.07097},
  year      = {2018},
  OPTurl       = {https://arxiv.org/abs/1801.07097}
}

@incollection{EVEN197171,
  author    = {S. Even and A. Itai},
  editor    = {Zvi Kohavi and Azaria Paz},
  title     = {Queues, Stacks and Graphs},
  booktitle = {Theory of Machines and Computations},
  pages     = {71--86},
  publisher = {Academic Press},
  year      = {1971},
  OPTurl       = {https://doi.org/10.1016/B978-0-12-417750-5.50011-7},
  doi       = {10.1016/B978-0-12-417750-5.50011-7}
}

@InProceedings{Oll73,
  Title                    = {On the book thicknesses of various graphs},
  Author                   = {T. Ollmann},
  Booktitle                = {Southeastern Conference on Combinatorics, Graph Theory and Computing},
  Editor                   = {F. Hoffman and R.B. Levow and R.S.D. Thomas},
  Year                     = {1973},
  Pages                    = {459},
  Series                   = {Congressus Numerantium},
  Volume                   = {VIII}
}

@InProceedings{Rosenberg86,
  Title                    = {Book embeddings and wafer-scale integration},
  Author                   = {Arnold L. Rosenberg},
  Booktitle                = {Southeastern Conference on Combinatorics, Graph Theory and Computing},
  Year                     = {1986},
  Pages                    = {217--224},
  Series                   = {Congressus Numerantium},
  Volume                   = {54}
}

@Article{CLR87,
  Title                    = {Embedding Graphs in Books: A Layout Problem with Applications to {VLSI} Design},
  Author                   = {Fan R. K. Chung and Frank Thomson Leighton and Arnold L. Rosenberg},
  Journal                  = {SIAM Journal on Algebraic and Discrete Methods},
  Year                     = {1987},
  Number                   = {1},
  Pages                    = {33-58},
  Volume                   = {8},
  eprint                   = {http://dl.acm.org/citation.cfm?id=21936.25439}
}

@InProceedings{Ordman93,
  Title                    = {Permutations using stacks and queues},
  Author                   = {E. T. Ordman and W. Schmitt},
  Booktitle                = {Southeastern Conference on Combinatorics, Graph Theory and Computing},
  Editor                   = {F. Hoffman and R.B. Levow and R.S.D. Thomas},
  Year                     = {1993},
  Pages                    = {57--64},
  Series                   = {Congressus Numerantium},
  Volume                   = {96}
}

@Article{Ewald1973, 
  Title                    = {Hamiltonian circuits in simplicial complexes},
  Author                   = {Ewald, G{\"u}nter},
  Journal                  = {Geometriae Dedicata},
  Year                     = {1973},
  Number                   = {1},
  Pages                    = {115--125},
  Volume                   = {2},
  Doi                      = {10.1007/BF00149287},
  OPTurl                      = {https://doi.org/10.1007/BF00149287},
}

@Article{GH75, 
  Title                    = {Note on a smallest nonhamiltonian maximal planar graph},
  Author                   = {A. Goldner and F. Harary},
  Journal                  = {Bulletin of the Malaysian Math. Sci. Soc.},
  Year                     = {1975},
  Number                   = {6},
  Pages                    = {41--42},
  Volume                   = {1}
}

@ARTICLE{Istrail1988a,
  author  = {Sorin Istrail},
  title   = {An algorithm for embedding planar graphs in six pages},
  journal = {Iasi University Annals, Mathematics-Computer Science},
  year    = {1988},
  volume  = {34},
  pages   = {329--341},
  number  = {4}
}

@InBook{NC08,
  Title                    = {Planar Graphs: Theory and Algorithms},
  Author                   = {T. Nishizeki and N. Chiba},
  Chapter                  = {10. {H}amiltonian {C}ycles},
  Pages                    = {171--184},
  Publisher                = {Courier Dover Publications},
  Year                     = {2008},
  Series                   = {Dover Books on Mathematics}
}

@PhdThesis{Bla03,
  Title                    = {Book Embeddings of Graphs},
  Author                   = {R. Blankenship},
  School                   = {Louisiana State University},
  Year                     = {2003}
}

@PhdThesis{Hea85,
  Title                    = {Algorithms for Embedding Graphs in Books},
  Author                   = {Lenwood S. Heath},
  School                   = {University of N.~Carolina},
  Year                     = {1985}
}

@MastersThesis{Hos12,
    author = {Daniel Hoske},
    title  = {Book embedding with fixed page assignments},
    type   = {Bachelor Thesis},
    school = {Karlsruhe Institute for Technology},
    year   = {2012}
}

@techreport{DGT11,
    Author      = {Michelle Delcourt AND Meghan Galiardi AND Jordan Tirelli},
    Title       = {Book Embeddings Of {L}aman Graphs},
    Institution = {Department of Mathematics, University Of Illinois},
    Year        = {2011},
    OPTurl         = {https://conf.math.illinois.edu/REGS/reports11/delcourt-galiardi-tirrell.pdf},
    eprint      = {https://conf.math.illinois.edu/REGS/regs-summer2011-reports.html}
}

@techreport{Wig82,
    author      = {Avi Wigderson},
    title       = {The Complexity of the {H}amiltonian Circuit Problem for Maximal Planar Graphs},
    institution = {EECS Department, Princeton University},
    number      = {TR-298},
    year        = {1982},
    eprint      = {https://www.math.ias.edu/avi/node/820}
}

@misc{Wolz18,
  author    = {Jessica Wolz},
  title     = {Engineering Linear Layouts with {SAT}},
  note   = {{M}aster {T}hesis, {U}niversit\"at {T}\"ubingen},
  year      = {2018}
}