%% THEORY

@inproceedings{Bekos2015TheBE,
  title={The book embedding problem from a SAT-solving perspective},
  author={Bekos, Michael A and Kaufmann, Michael and Zielke, Christian},
  booktitle={International Symposium on Graph Drawing},
  pages={125--138},
  year={2015},
  organization={Springer}
}
@inproceedings{yannakakis1986four,
  title={Four pages are necessary and sufficient for planar graphs},
  author={Yannakakis, Mihalis},
  booktitle={Proceedings of the eighteenth annual ACM symposium on Theory of computing},
  pages={104--108},
  year={1986},
  organization={ACM}
}
@article{yannakakis1989embedding,
  title={Embedding planar graphs in four pages},
  author={Yannakakis, Mihalis},
  journal={Journal of Computer and System Sciences},
  volume={38},
  number={1},
  pages={36--67},
  year={1989},
  publisher={Academic Press}
}

%% TECH
%HTML and CSS 
@book{hogan_2011, 
	place={Beijing}, 
	title={HTML5 \& CSS3: Webentwicklung mit den Standards von morgen}, 
	publisher={OReilly}, 
	ISBN = {9783897213166},
	EDITION = {1. Aufl.},
	author={Hogan, Brian P.}, 
	year={2011}
} 
@misc{w3c, 
	author={W3C},
	title={HTML 5.1 2nd Edition}, 
	howpublished={\url{https://www.w3.org/TR/html51/}}, 		
	journal={W3C},
	note = "[Online; accessed 2-September-2019]"
} 

@misc{wiki-html,
    author = "{Wikipedia contributors}",
    title = "HTML --- {Wikipedia}{,} The Free Encyclopedia",
    year = "2019",
    howpublished = {\url{https://en.wikipedia.org/w/index.php?title=HTML&oldid=906362850}},
    note = "[Online; accessed 29-July-2019]"
}
@misc{css-web-dokumentation, 
	title={CSS Referenz}, 
	howpublished={\url{https://developer.mozilla.org/de/docs/Web/CSS/CSS_Referenz }}, 
	journal={MDN-Web-Dokumentation},
	note = "[Online; accessed 2-September-2019]"
} 

%gml xml

@misc{ wiki-xml,
    author = "{Wikipedia contributors}",
    title = "XML --- {Wikipedia}{,} The Free Encyclopedia",
    year = "2019",
    howpublished = {\url{https://en.wikipedia.org/w/index.php?title=XML&oldid=909225482}},
    note = "[Online; accessed 4-August-2019]"
}
  
@misc{ wiki-graphml,
    author = "{Wikipedia contributors}",
    title = "GraphML --- {Wikipedia}{,} The Free Encyclopedia",
    year = "2019",
    howpublished = {\url{https://en.wikipedia.org/w/index.php?title=GraphML&oldid=887565956}},
    note = "[Online; accessed 4-August-2019]"
 }
 
 % JS
@misc{wiki-js,
    author = "{Wikipedia contributors}",
    title = "JavaScript --- {Wikipedia}{,} The Free Encyclopedia",
    year = "2019",
    howpublished = {\url{https://en.wikipedia.org/w/index.php?title=JavaScript&oldid=908233983}},
    note = "[Online; accessed 29-July-2019]"
  }
 
% JSON  
@misc{mdn-web-dokumentation, 
	author={Mozilla Corporation},
	title={JavaScript}, 
	howpublished={\url{https://developer.mozilla.org/de/docs/Web/JavaScript}}, 
	journal={MDN-Web-Dokumentation},
	note = "[Online; accessed 02-September-2019]"
} 

@BOOK{Ackermann2015,
	AUTHOR = {Ackermann, Philip},
	YEAR = {2015},
	TITLE = {Professionell entwickeln mit JavaScript : Design, Patterns, Praxistipps - },
	EDITION = {1. Aufl.},
	ISBN = {9783836223799},
	PUBLISHER = {Rheinwerk Verlag},
	ADDRESS = {Bonn}
}

% libraries

@misc{yfiles,
	title={yFiles for HTML - API}, 
	url={\url{https://docs.yworks.com/yfileshtml/#/home}}, 
	journal={yFiles for HTML 2.2 Documentation},
    note = "[Online; accessed 4-August-2019]"

}


@misc{jquery,
	title={jQuery API Documentation},
	howpublished={\urlhttps://api.jquery.com}},
	author={The jQuery Foundation}
	
}
	
%% whatever, imple?	
@misc{linearLayoutApi, 
	author= "{Mirco Haug}",
	title={Linear layout API}, 
	howpublished={\url{http://alice.informatik.uni-tuebingen.de:5555/}}, 
	journal={Linear layout API},
	note = "[Online; accessed 2-September-2019]"

} 

@article{jess,
author = "Jessica Wolz",
title = "Engineering Linear Layouts with SAT",
school = "Univerity of Tübingen",
year = "2018"
}

@inproceedings{kaufmann2018dispersable,
  title={On Dispersable Book Embeddings},
  author={Kaufmann, Michael and Pupyrev, Sergey},
  booktitle={Graph-Theoretic Concepts in Computer Science: 44th International Workshop, WG 2018, Cottbus, Germany, June 27--29, 2018, Proceedings},
  volume={11159},
  pages={1},
  year={2018},
  organization={Springer}
}

@misc{ wiki:json,
    author = "{Wikipedia contributors}",
    title = "JSON",
    year = "2019",
    howpublished = {\url{https://en.wikipedia.org/w/index.php?title=JSON&oldid=909197203}},
    note = "[Online; accessed 4-August-2019]"
  }
  
@article{di2013queue,
  title={On the queue number of planar graphs},
  author={Di Battista, Giuseppe and Frati, Fabrizio and Pach, J{\'a}nos},
  journal={SIAM Journal on Computing},
  year={2013},
  publisher={SIAM}
}

@article{bekos2019, 
	title={An Online Framework to Interact and Efficiently
	Compute Linear Layouts of Graphs},
	author={Michael A. Bekos and Mirco Haug and Michael Kaufmann and Julia Männecke},
	year={2019}
}
@article{heath1992comparing,
  title={Comparing queues and stacks as machines for laying out graphs},
  author={Heath, Lenwood S and Leighton, Frank Thomson and Rosenberg, Arnold L},
  journal={SIAM Journal on Discrete Mathematics},
  volume={5},
  number={3},
  pages={398--412},
  year={1992},
  publisher={SIAM}
}
@article{bernhart1979book,
  title={The book thickness of a graph},
  author={Bernhart, Frank and Kainen, Paul C},
  journal={Journal of Combinatorial Theory, Series B},
  volume={27},
  number={3},
  pages={320--331},
  year={1979},
  publisher={Elsevier}
}

@article{duj19,
  author     = {Vida Dujmovi{\'{c}} and
                Pat Morin and
                Gwen Joret and 
                Piotr Micek and 
                David Wood and
                Torsten Ueckerdt},
  title     = {Planar Graphs have Bounded Queue-Number},
  journal   = {CoRR},
  OPTurl       = {https://arxiv.org/pdf/1904.04791},  
  year      = {2019},
  archivePrefix = {arXiv},
  eprint    = {1904.04791}
}