@inproceedings{DBLP:conf/stoc/Yannakakis86,
author = {Mihalis Yannakakis},
editor = {Juris Hartmanis},
title = {Four Pages are Necessary and Sufficient for Planar Graphs (Extended
               Abstract)},
booktitle = {{ ACM } Symposium on Theory of Computing},
pages = {104--108},
publisher = {{ ACM }},
year = {1986},
OPTurl = {https://doi.org/10.1145/12130.12141},
doi = {10.1145/12130.12141},
timestamp = {Wed, 14 Nov 2018 10:51:37 +0100},
biburl = {https://dblp.org/rec/bib/conf/stoc/Yannakakis86},
bibsource = {dblp computer science bibliography, https://dblp.org}
}


@MISC {bob,
author = "Sergey Pupyrev",
title = "Book Embedding",
howpublished = "http://be.cs.arizona.edu"
}

@misc {py-tut,
author = "Python Software Foundation",
year = "2019",
howpublished = "\url{https://docs.python.org/3.7/tutorial/index.html}",
note = "[Online; accessed 10-July-2019]"
}

@MASTERSTHESIS {jess,
author = "Jessica Wolz",
title = "Engineering Linear Layouts with SAT",
school = "Univerity of TÃ¼bingen",
year = "2018"
}

@incollection{Bekos2015,
doi = {10.1007/978-3-319-27261-0_11},
url = {https://doi.org/10.1007/978-3-319-27261-0_11},
year = {2015},
publisher = {Springer International Publishing},
pages = {125--138},
author = {Michael A. Bekos and Michael Kaufmann and Christian Zielke},
title = {The Book Embedding Problem from a { SAT } -Solving Perspective},
booktitle = {Lecture Notes in Computer Science}
}